@article{pychimera,
  title={{PyChimera}: use {UCSF Chimera} modules in any {Python 2.7} project},
  author={Rodr{\'\i}guez-Guerra Pedregal, Jaime and Mar{\'e}chal, Jean-Didier},
  journal={Bioinformatics},
  volume={34},
  number={10},
  pages={1784--1785},
  year={2018},
  publisher={Oxford University Press}
}
@article{gaudimm,
  title={{GaudiMM}: A modular multi-objective platform for molecular modeling},
  author={Rodr{\'\i}guez-Guerra Pedregal, Jaime and Sciortino, Giuseppe and Guasp, Jordi and Municoy, Mart{\'\i} and Mar{\'e}chal, Jean-Didier},
  journal={Journal of computational chemistry},
  volume={38},
  number={24},
  pages={2118--2126},
  year={2017},
  publisher={Wiley Online Library}
}

@article{esigen,
  title={{ESIgen}: Electronic Supporting Information Generator for Computational Chemistry Publications},
  author={Rodríguez-Guerra Pedregal, Jaime and G{\'o}mez-Orellana, Pablo and Mar{\'e}chal, Jean-Didier},
  journal={Journal of chemical information and modeling},
  volume={58},
  number={3},
  pages={561--564},
  year={2018},
  publisher={ACS Publications}
}
@article{ommprotocol,
author       = {Rodríguez-Guerra Pedregal, Jaime and Alonso-Cotchico, Lur and Velasco-Carneros, Lorea and Maréchal, Jean-Didier },
title        = {{OMMProtocol}: A command line application to launch molecular dynamics simulations with {OpenMM}},
journal = "(submitted)",
year = {2018},
url          = {https://github.com/insilichem/ommprotocol},
note         = "\url{https://github.com/insilichem/ommprotocol}"
}
@article{gaudimetals,
  title={Simple coordination geometry descriptors allow to accurately predict metal binding sites in proteins},
  author={Rodr{\'\i}guez-Guerra Pedregal, Jaime and Sciortino, Giuseppe and Garriba, Eugenio and Mar{\'e}chal, Jean-Didier},
  journal= "(submitted)",
  year={2018}
}
@misc{tangram,
author       = {Rodríguez-Guerra Pedregal, Jaime and Maréchal, Jean-Didier },
title        = {{Tangram: Molecular modeling tools for UCSF Chimera}},
journal      = "(in preparation)",
year = {2018},
url          = {https://github.com/insilichem/tangram},
note         = "\url{https://github.com/insilichem/tangram}"
}
@misc{easymecp,
author       = {Rodríguez-Guerra Pedregal, Jaime and Funes-Ardoiz, Ignacion and Maseras, Feliu},
title        = {{EasyMECP: Quick setup of MECP calculations with Gaussian}},
journal      = "(in preparation)",
year         = {2018},
url          = {https://github.com/jaimergp/easymecp},
note         = "\url{https://github.com/jaimergp/easymecp}"
}
@article{garleek,
author       = {Rodríguez-Guerra Pedregal, Jaime and Funes-Ardoiz, Ignacio and Sciortino, Giuseppe and Sánchez-Aparicio, José-Emilio and Ujaque, Gregori and Lledós, Agustí and Maréchal, Jean-Didier Maseras, Feliu},
title        = {{GARLEEK: Adding an Extra Flavor to ONIOM}},
journal      = "Journal of Computational Chemistry",
issue        = "(in press)",
year         = {2018},
url          = {https://github.com/insilichem/garleek},
note         = "\url{https://github.com/insilichem/garleek}"
}
@article{rotaxane,
author = {Nierengarten, Iwona and González-Cuesta, Manuel and Rodríguez-Guerra Pedregal, Jaime and Hahn, Uwe and Romero-Téllez, Sonia and Maréchal, Jean-Didier and  Masgrau, Laura  and García Fernández, José Manuel and Nierengarten, Jean-François and Ortiz Mellet, Carmen},
title = {Pillar[5]arene glyco(mimetic)rotaxanes for the functional interrogation of multivalency responsive glycosidases},
year = {2018},
journal = "(submitted)"
}
@article{victor2015,
  title={Toward the Computational Design of Artificial Metalloenzymes: From Protein--Ligand Docking to Multiscale Approaches},
  author={Muñoz Robles, Victor and Ortega-Carrasco, Elisabeth and Alonso-Cotchico, Lur and Rodríguez-Guerra Pedregal, Jaime and Lledós, Agustí and Maréchal, Jean-Didier},
  journal={ACS Catalysis},
  volume={5},
  number={4},
  pages={2469--2480},
  year={2015},
  publisher={ACS Publications}
}

@article{victor2014,
  title={Computational Insights on an Artificial Imine Reductase Based on the Biotin--Streptavidin Technology},
  author={Muñoz Robles, Victor and Vidossich, Pietro and Lledós, Agustí and Ward, Thomas R and Maréchal, Jean-Didier},
  journal={ACS Catalysis},
  volume={4},
  number={3},
  pages={833--842},
  year={2014},
  publisher={ACS Publications}
}

@article{Berman2007,
author = {Berman, Helen M.},
doi = {10.1107/S0108767307035623},
isbn = {0108-7673 (Print)$\backslash$r0108-7673 (Linking)},
issn = {16005724},
journal = {Acta Crystallographica Section A: Foundations of Crystallography},
keywords = {Databases,History of PDB,Nucleic acids,Policy relative to PDB,Proteins},
number = {1},
pages = {88--95},
pmid = {18156675},
publisher = {International Union of Crystallography},
title = {{The Protein Data Bank: A historical perspective}},
volume = {64},
year = {2008}
}
@article{Paliwal2015,
author = {Paliwal, Kuldip and Lyons, James and Heffernan, Rhys},
doi = {10.4172/2379-1764},
issn = {23791764},
journal = {Advanced Techniques in Biology and Medicine},
keywords = {removal of heavy metal,secondary metabolites,streptomyces coelicolor},
number = {3},
pages = {1000139},
title = {{A short review of deep learning neural networks in protien structure prediction problems}},
volume = {3},
year = {2015}
}
@article{maginn2009,
archivePrefix = {arXiv},
arxivId = {arXiv:physics/0201037v1},
author = {Maginn, Edward J.},
doi = {10.1002/aic},
eprint = {0201037v1},
isbn = {9513862380},
issn = {12350621},
journal = {American Institute of Chemical Engineers},
keywords = {Electrostatic droplet actuation,Electrowetting,Lab-on-a-chip,MEMS,Microfluidics,Superhydrophobic surfaces},
number = {6},
pages = {1304--1310},
pmid = {23641116},
primaryClass = {arXiv:physics},
title = {{From Discovery to Data: What Must Happen for Molecular Simulation to Become a Mainstream Chemical Engineering Tool}},
volume = {55},
year = {2009}
}
@article{Grimme2017,
author = {Grimme, Stefan and Schreiner, Peter R.},
doi = {10.1002/anie.201709943},
issn = {15213773},
journal = {Angewandte Chemie - International Edition},
keywords = {chemoinformatics,density functional theory,entropy,nuclear dynamics,wavefunction theory},
number = {16},
pages = {4170--4176},
title = {{Computational Chemistry: The Fate of Current Methods and Future Challenges}},
volume = {57},
year = {2018}
}
@article{Warshel2014,
archivePrefix = {arXiv},
arxivId = {15334406},
author = {Warshel, Arieh},
doi = {10.1002/anie.201403689},
eprint = {15334406},
isbn = {14337851},
issn = {15213773},
journal = {Angewandte Chemie - International Edition},
keywords = {biomolecules,computational chemistry,free energy calculations,molecular modeling,multiscale models},
number = {38},
pages = {10020--10031},
pmid = {25060243},
title = {{Multiscale modeling of biological functions: From enzymes to molecular machines (nobel lecture)}},
volume = {53},
year = {2014}
}
@article{Johns2009,
author = {Johns, Brian A. and Weatherhead, Jason G. and Allen, Scott H. and Thompson, James B. and Garvey, Edward P. and Foster, Scott A. and Jeffrey, Jerry L. and Miller, Wayne H.},
doi = {10.1016/j.bmcl.2009.01.090},
isbn = {0960-894X},
issn = {0960894X},
journal = {Bioorganic and Medicinal Chemistry Letters},
keywords = {HIV integrase,Integration,Metal chelation,Two-metal binder},
number = {6},
pages = {1802--1806},
pmid = {19217781},
publisher = {Elsevier Ltd},
title = {{The use of oxadiazole and triazole substituted naphthyridines as HIV-1 integrase inhibitors. Part 1: Establishing the pharmacophore}},
url = {http://dx.doi.org/10.1016/j.bmcl.2009.01.090},
volume = {19},
year = {2009}
}
@article{Adwan2014,
author = {Adwan, Hassan and Bayer, Helene and Pervaiz, Asim and Sagini, Micah and Berger, Martin R.},
doi = {10.1016/j.biotechadv.2014.03.008},
isbn = {1873-1899 (Electronic)$\backslash$r0734-9750 (Linking)},
issn = {07349750},
journal = {Biotechnology Advances},
keywords = {Antineoplastic activity,Lectin,Ribosome inactivating protein type II,Riproximin,Unfolded protein response,Ximenia americana},
number = {6},
pages = {1077--1090},
pmid = {24699434},
publisher = {Elsevier Inc.},
title = {{Riproximin is a recently discovered type II ribosome inactivating protein with potential for treating cancer}},
url = {http://dx.doi.org/10.1016/j.biotechadv.2014.03.008},
volume = {32},
year = {2014}
}
@article{Durrant2009,
author = {Durrant, Jacob D. and Amaro, Rommie E. and McCammon, J. Andrew},
doi = {10.1111/j.1747-0285.2008.00761.x},
isbn = {17470277 (ISSN)},
issn = {17470277},
journal = {Chemical Biology and Drug Design},
keywords = {AutoGrow,Docking,Evolutionary algorithm,Rational drug design},
number = {2},
pages = {168--178},
pmid = {19207419},
title = {{AutoGrow: A novel algorithm for protein inhibitor design}},
volume = {73},
year = {2009}
}
@article{Li2017,
author = {Li, Pengfei and Merz, Kenneth M.},
doi = {10.1021/acs.chemrev.6b00440},
isbn = {0009-2665},
issn = {15206890},
journal = {Chemical Reviews},
number = {3},
pages = {1564--1686},
pmid = {28045509},
title = {{Metal Ion Modeling Using Classical Mechanics}},
volume = {117},
year = {2017}
}
@article{Can2007,
author = {Can, Chen and Jianlong, Wang},
doi = {10.1016/j.chemosphere.2007.05.043},
isbn = {0045-6535 (Print)$\backslash$r0045-6535 (Linking)},
issn = {00456535},
journal = {Chemosphere},
keywords = {Biosorption,Ionic characteristics,QSAR,Saccharomyces cerevisiae},
number = {10},
pages = {1610--1616},
pmid = {17624405},
title = {{Correlating metal ionic characteristics with biosorption capacity using QSAR model}},
volume = {69},
year = {2007}
}
@article{Ng2015,
author = {Ng, Lik Yin and Chong, Fah Keen and Chemmangattuvalappil, Nishanth G.},
doi = {10.1016/j.compchemeng.2015.03.009},
isbn = {9780444634337},
issn = {00981354},
journal = {Computers and Chemical Engineering},
keywords = {Chemical product design,Computer-aided molecular design,Ionic liquids,Property estimation methods,Sustainable chemical product design},
pages = {115--129},
publisher = {Elsevier Ltd},
title = {{Challenges and opportunities in computer-aided molecular design}},
url = {http://dx.doi.org/10.1016/j.compchemeng.2015.03.009},
volume = {81},
year = {2015}
}
@article{Lane2013,
archivePrefix = {arXiv},
arxivId = {NIHMS150003},
author = {Lane, Thomas J. and Shukla, Diwakar and Beauchamp, Kyle A. and Pande, Vijay S.},
doi = {10.1016/j.sbi.2012.11.002},
eprint = {NIHMS150003},
isbn = {0959-440X},
issn = {0959440X},
journal = {Current Opinion in Structural Biology},
number = {1},
pages = {58--65},
pmid = {23237705},
publisher = {Elsevier Ltd},
title = {{To milliseconds and beyond: Challenges in the simulation of protein folding}},
url = {http://dx.doi.org/10.1016/j.sbi.2012.11.002},
volume = {23},
year = {2013}
}
@article{burrau1927,
author = {Burrau, Ojvind},
journal = {Die Natur-wissenschaften},
number = {1},
pages = {16--17},
title = {{Berechnung des Energiewertes des Wasserstoff molekelIons (H2+) im Normalzustand}},
volume = {7},
year = {1927}
}
@article{Yang2016,
author = {Yang, Mu and Bierbach, Ulrich},
doi = {10.1002/ejic.201601149},
issn = {10990682},
journal = {European Journal of Inorganic Chemistry},
keywords = {Antibodies,Antitumor agents,Drug design,Inhibitors,Kinases,Metals,Signaling},
number = {12},
pages = {1561--1572},
title = {{Metal-Containing Pharmacophores in Molecularly Targeted Anticancer Therapies and Diagnostics}},
volume = {2017},
year = {2017}
}
@article{mayr2016,
archivePrefix = {arXiv},
arxivId = {1503.01445},
author = {Mayr, Andreas and Klambauer, G{\"{u}}nter and Unterthiner, Thomas and Hochreiter, Sepp},
doi = {10.3389/fenvs.2015.00080},
eprint = {1503.01445},
isbn = {2296-665X},
issn = {2296-665X},
journal = {Frontiers in Environmental Science},
keywords = {Deep Learning,Tox21,challenge winner,deep networks,machine learning,neural networks,tox prediction,toxicophores},
number = {February},
title = {{DeepTox: Toxicity Prediction using Deep Learning}},
url = {http://arxiv.org/abs/1503.01445},
volume = {3},
year = {2016}
}
@article{Andersen2014,
archivePrefix = {arXiv},
arxivId = {arXiv:1302.4006v2},
author = {Andersen, Jakob L. and Flamm, Christoph and Merkle, Daniel and Stadler, Peter F.},
doi = {10.1504/IJCBDD.2014.061649},
eprint = {arXiv:1302.4006v2},
issn = {1756-0756},
journal = {International Journal of Computational Biology and Drug Design},
number = {2/3},
pages = {225},
pmid = {24878732},
title = {{Generic strategies for chemical space exploration}},
url = {http://www.inderscience.com/link.php?id=61649},
volume = {7},
year = {2014}
}
@article{Seminario1996,
author = {Seminario, J M},
journal = {International Journal of Quantum Chemistry},
pages = {59--65},
title = {{Calculation of intramolecular force fields from second- derivative tensors}},
volume = {60},
year = {1996}
}
@article{Rappe1992,
archivePrefix = {arXiv},
arxivId = {1305.7119},
author = {Rapp{\'{e}}, A.K. K and Casewit, C.J. J and Colwell, K.S. S and {Goddard III}, W.A. and Skiff, W.M.},
doi = {10.1021/ja00051a040},
eprint = {1305.7119},
isbn = {0002-7863},
issn = {0002-7863},
journal = {J. Am. Chem. Soc.},
number = {25},
pages = {10024--10035},
pmid = {26580059},
title = {{UFF, a Full Periodic Table Force Field for Molecular Mechanics and Molecular Dynamics Simulations}},
volume = {114},
year = {1992}
}
@article{Wang2004,
archivePrefix = {arXiv},
arxivId = {z0024},
author = {Wang, J M and Wolf, R M and Caldwell, J W and Kollman, P a and Case, D a},
doi = {10.1002/jcc.20035},
eprint = {z0024},
isbn = {0192-8651},
issn = {0192-8651},
journal = {J. Comput. Chem.},
keywords = {additive force field,force field parameterization,general amber force field,restrained electrostatic},
number = {9},
pages = {1157--1174},
pmid = {221624200007},
title = {{Development and testing of a general amber force field}},
volume = {25},
year = {2004}
}
@article{Halgren1996,
author = {Halgren, Thomas a},
doi = {10.1002/(SICI)1096-987X(199604)17:5/6<520::AID-JCC2>3.0.CO;2-W},
isbn = {1096-987X},
issn = {0192-8651},
journal = {J. Comput. Chem.},
number = {5-6},
pages = {490--519},
pmid = {1000253627},
title = {{Merck Molecular Force Field.}},
url = {http://doi.wiley.com/10.1002/(SICI)1096-987X(199604)17:5/6{\%}3C490::AID-JCC1{\%}3E3.0.CO;2-P},
volume = {17},
year = {1996}
}
@book{lipkovitz1990,
booktitle = {John Wiley {\&} Sonds},
editor = {Lipkovitz, Kenny B. and Boyd, Donald B.},
isbn = {089573754X},
title = {{Reviews in Computational Chemistry}},
year = {1990}
}
@article{Burger2012,
author = {Burger, SK and Lacasse, Mike and Verstraelen, Toon},
journal = {Journal of Chemical},
number = {Ii},
pages = {118--121},
title = {{Automated Parameterization of AMBER force field terms from vibrational analysis with a focus on functionalizing dinuclear zinc (II) scaffolds}},
url = {http://pubs.acs.org/doi/abs/10.1021/ct2007742},
year = {2012}
}
@article{Ma2015,
author = {Ma, Junshui and Sheridan, Robert P. and Liaw, Andy and Dahl, George E. and Svetnik, Vladimir},
doi = {10.1021/ci500747n},
isbn = {1549-9596},
issn = {15205142},
journal = {Journal of Chemical Information and Modeling},
number = {2},
pages = {263--274},
pmid = {25635324},
title = {{Deep neural nets as a method for quantitative structure-activity relationships}},
volume = {55},
year = {2015}
}
@article{Li2016,
author = {Li, Pengfei and Merz, Kenneth M.},
doi = {10.1021/acs.jcim.5b00674},
issn = {15205142},
journal = {Journal of Chemical Information and Modeling},
number = {4},
pages = {599--604},
pmid = {26913476},
title = {{MCPB.py: A Python Based Metal Center Parameter Builder}},
volume = {56},
year = {2016}
}
@article{Zheng2016,
archivePrefix = {arXiv},
arxivId = {arXiv:1408.1149},
author = {Zheng, Suqing and Tang, Qing and He, Jian and Du, Shiyu and Xu, Shaofang and Wang, Chaojie and Xu, Yong and Lin, Fu},
doi = {10.1021/acs.jcim.5b00687},
eprint = {arXiv:1408.1149},
isbn = {2012009832},
issn = {15205142},
journal = {Journal of Chemical Information and Modeling},
number = {4},
pages = {811--818},
pmid = {26998926},
title = {{VFFDT: A New Software for Preparing AMBER Force Field Parameters for Metal-Containing Molecular Systems}},
volume = {56},
year = {2016}
}
@article{Fracchia2017,
author = {Fracchia, Francesco and {Del Frate}, Gianluca and Mancini, Giordano and Rocchia, Walter and Barone, Vincenzo},
doi = {10.1021/acs.jctc.7b00779},
issn = {15499626},
journal = {Journal of Chemical Theory and Computation},
number = {1},
pages = {255--273},
title = {{Force Field Parametrization of Metal Ions from Statistical Learning Techniques}},
volume = {14},
year = {2018}
}
@article{Allen2017,
author = {Allen, Alice E.A. and Payne, Michael C. and Cole, Daniel J.},
doi = {10.1021/acs.jctc.7b00785},
issn = {15499626},
journal = {Journal of Chemical Theory and Computation},
number = {1},
pages = {274--281},
title = {{Harmonic Force Constants for Molecular Mechanics Force Fields via Hessian Matrix Projection}},
volume = {14},
year = {2018}
}
@article{Li2017b,
author = {Li, Ying and Li, Hui and Pickard, Frank C. and Narayanan, Badri and Sen, Fatih G. and Chan, Maria K.Y. and Sankaranarayanan, Subramanian K.R.S. and Brooks, Bernard R. and Roux, Beno{\^{i}}t},
doi = {10.1021/acs.jctc.7b00521},
isbn = {1549-9618},
issn = {15499626},
journal = {Journal of Chemical Theory and Computation},
number = {9},
pages = {4492--4503},
pmid = {28800233},
title = {{Machine Learning Force Field Parameters from Ab Initio Data}},
volume = {13},
year = {2017}
}
@article{faber2017,
annote = {PMID: 28926232},
author = {Faber, Felix A and Hutchison, Luke and Huang, Bing and Gilmer, Justin and Schoenholz, Samuel S and Dahl, George E and Vinyals, Oriol and Kearnes, Steven and Riley, Patrick F and von Lilienfeld, O Anatole},
doi = {10.1021/acs.jctc.7b00577},
journal = {Journal of Chemical Theory and Computation},
number = {11},
pages = {5255--5264},
title = {{Prediction Errors of Molecular Machine Learning Models Lower than Hybrid DFT Error}},
url = {https://doi.org/10.1021/acs.jctc.7b00577},
volume = {13},
year = {2017}
}
@article{Koutsoukas2017,
author = {Koutsoukas, Alexios and Monaghan, Keith J. and Li, Xiaoli and Huan, Jun},
doi = {10.1186/s13321-017-0226-y},
issn = {17582946},
journal = {Journal of Cheminformatics},
keywords = {Cheminformatics,Data-mining,Deep learning,Machine-learning,Na{\"{i}}ve Bayes,Random forest,SARs,Support vector machines,kNN},
number = {1},
pages = {1--13},
pmid = {29086090},
publisher = {Springer International Publishing},
title = {{Deep-learning: Investigating deep neural networks hyper-parameters and comparison of performance to shallow methods for modeling bioactivity data}},
volume = {9},
year = {2017}
}
@article{Nguyen2018,
author = {Nguyen, Minh Khoa and Jaillet, L{\'{e}}onard and Redon, St{\'{e}}phane},
doi = {10.1002/jcc.25132},
issn = {1096987X},
journal = {Journal of Computational Chemistry},
keywords = {ART-RRT,dimension reduction,ligand unbinding pathway,morphing,motion planning},
number = {11},
pages = {665--678},
title = {{ART-RRT: As-Rigid-As-Possible exploration of ligand unbinding pathways}},
volume = {39},
year = {2018}
}
@article{Brooks1983,
author = {Brooks, Bernard R. and Bruccoleri, Robert E. and Olafson, Barry D. and States, David J. and Swaminathan, S. and Karplus, Martin},
doi = {10.1002/jcc.540040211},
isbn = {0192-8651},
issn = {1096987X},
journal = {Journal of Computational Chemistry},
number = {2},
pages = {187--217},
pmid = {1},
title = {{CHARMM: A program for macromolecular energy, minimization, and dynamics calculations}},
volume = {4},
year = {1983}
}
@article{vanommeslaeghe2009,
archivePrefix = {arXiv},
arxivId = {NIHMS150003},
author = {Brooks, B. R. and III, C. L. Brooks and {A. D. Mackerell}, Jr. and Nilsson, L. and Petrella, R. J. and Roux, B. and Won, Y. and Archontis, G. and Bartels, C. and Boresch, S. and Caflisch, A. and Caves, L. and Cui, Q. and Dinner, A. R. and Feig, M. and Fischer, S. and Gao, J. and Hodoscek, M.W. I and Karplus, M.},
doi = {10.1002/jcc},
eprint = {NIHMS150003},
isbn = {1096-987X},
issn = {1096-987X},
journal = {Journal of computational chemistry},
keywords = {computational chemistry,computer aided drug design,drug design,empirical force field,medicinal chemistry,molecular dynamics,molecular modeling},
number = {10},
pages = {1545--1614},
pmid = {20928852},
title = {{CHARMM: The Biomolecular Simulation Program B.}},
volume = {30},
year = {2009}
}
@article{Goh2017,
archivePrefix = {arXiv},
arxivId = {1701.04503},
author = {Goh, Garrett B. and Hodas, Nathan O. and Vishnu, Abhinav},
doi = {10.1002/jcc.24764},
eprint = {1701.04503},
isbn = {0192-8651},
issn = {1096987X},
journal = {Journal of Computational Chemistry},
keywords = {artificial intelligence,cheminformatics,deep learning,machine learning,materials genome,molecular modeling,protein structure prediction,quantitative structure activity relationship,quantum chemistry,toxicology},
number = {16},
pages = {1291--1307},
pmid = {28272810},
title = {{Deep learning for computational chemistry}},
volume = {38},
year = {2017}
}
@article{Clark1989,
author = {Clark, Matthew and Cramer, Richard D. and {Van Opdenbosch}, Nicole},
doi = {10.1002/jcc.540100804},
isbn = {1096-987X},
issn = {1096987X},
journal = {Journal of Computational Chemistry},
number = {8},
pages = {982--1012},
pmid = {3551900},
title = {{Validation of the general purpose tripos 5.2 force field}},
volume = {10},
year = {1989}
}
@article{Kawasuji2012,
author = {Kawasuji, Takashi and Johns, Brian A. and Yoshida, Hiroshi and Taishi, Teruhiko and Taoda, Yoshiyuki and Murai, Hitoshi and Kiyama, Ryuichi and Fuji, Masahiro and Yoshinaga, Tomokazu and Seki, Takahiro and Kobayashi, Masanori and Sato, Akihiko and Fujiwara, Tamio},
doi = {10.1021/jm3010459},
issn = {00222623},
journal = {Journal of Medicinal Chemistry},
number = {20},
pages = {8735--8744},
pmid = {22963135},
title = {{Carbamoyl pyridone HIV-1 integrase inhibitors. 1. Molecular design and establishment of an advanced two-metal binding pharmacophore}},
volume = {55},
year = {2012}
}
@article{Cherkasov2013,
archivePrefix = {arXiv},
arxivId = {NIHMS150003},
author = {Cherkasov, Artem and Muratov, Eugene N. and Fourches, Denis and Varnek, Alexandre and Baskin, Igor I. and Cronin, Mark and Dearden, John and Gramatica, Paola and Martin, Yvonne C. and Todeschini, Roberto and Consonni, Viviana and Kuz'Min, Victor E. and Cramer, Richard and Benigni, Romualdo and Yang, Chihae and Rathman, James and Terfloth, Lothar and Gasteiger, Johann and Richard, Ann and Tropsha, Alexander},
doi = {10.1021/jm4004285},
eprint = {NIHMS150003},
isbn = {0022-2623},
issn = {15204804},
journal = {Journal of Medicinal Chemistry},
number = {12},
pages = {4977--5010},
pmid = {24351051},
title = {{QSAR modeling: Where have you been? Where are you going to?}},
volume = {57},
year = {2014}
}
@article{Sali1993,
author = {{\v{S}}ali, Andrej and Blundell, Tom L.},
booktitle = {Journal of Molecular Biology},
doi = {10.1006/jmbi.1993.1626},
isbn = {0022-2836 (Print)$\backslash$r0022-2836 (Linking)},
issn = {00222836},
keywords = {Comparative protein modelling,Optimization,Protein database,Restraints,Serine proteinases},
number = {3},
pages = {779--815},
pmid = {8254673},
title = {{Comparative protein modelling by satisfaction of spatial restraints}},
volume = {234},
year = {1993}
}
@article{Duarte2014,
author = {Duarte, Fernanda and Bauer, Paul and Barrozo, Alexandre and Amrein, Beat Anton and Purg, Miha and {\AA}qvist, Johan and Kamerlin, Shina Caroline Lynn},
doi = {10.1021/jp501737x},
isbn = {1520-6106},
issn = {15205207},
journal = {Journal of Physical Chemistry B},
number = {16},
pages = {4351--4362},
pmid = {24670003},
title = {{Force field independent metal parameters using a nonbonded dummy model}},
volume = {118},
year = {2014}
}
@article{allinger1973,
  title={Conformational analysis. XC. Calculation of the structures of hydrocarbons containing delocalized electronic systems by the molecular mechanics method},
  author={Allinger, Norman L and Sprague, Joseph T},
  journal={Journal of the American Chemical Society},
  volume={95},
  number={12},
  pages={3893--3907},
  year={1973},
  publisher={ACS Publications}
}

@article{Allinger1977,
author = {Allinger, Norman L.},
doi = {10.1021/ja00467a001},
isbn = {0002-7863},
issn = {15205126},
journal = {Journal of the American Chemical Society},
number = {25},
pages = {8127--8134},
title = {{Conformational Analysis. 130. MM2. A Hydrocarbon Force Field Utilizing V1 and V2 Torsional Terms}},
volume = {99},
year = {1977}
}
@article{aaqvist1990,
author = {{\AA}qvist, Johan and Warshel, Arieh},
doi = {10.1021/ja00164a003},
isbn = {0002-7863},
issn = {15205126},
journal = {Journal of the American Chemical Society},
number = {8},
pages = {2860--2868},
title = {{Free Energy Relationships in Metalloenzyme-Catalyzed Reactions. Calculations of the Effects of Metal Ion Substitutions in Staphylococcal Nuclease}},
volume = {112},
year = {1990}
}
@article{Lotz2018,
author = {Lotz, Samuel D. and Dickson, Alex},
doi = {10.1021/jacs.7b08572},
issn = {15205126},
journal = {Journal of the American Chemical Society},
number = {2},
pages = {618--628},
pmid = {29303257},
title = {{Unbiased Molecular Dynamics of 11 min Timescale Drug Unbinding Reveals Transition State Stabilizing Interactions}},
volume = {140},
year = {2018}
}
@article{Bourne1997,
author = {Bourne, Philip E. and Berman, Helen M. and McMahon, Brian and Watenpaugh, Keith D. and Westbrook, John D. and Fitzgerald, Paula M.D.},
doi = {10.1016/S0076-6879(97)77032-0},
isbn = {9780121821784},
issn = {00766879},
journal = {Methods in Enzymology},
number = {1977},
pages = {571--590},
pmid = {18488325},
title = {{Macromolecular crystallographic information file}},
volume = {277},
year = {1997}
}
@article{Carcelli2014,
author = {Carcelli, Mauro and Rogolino, Dominga and Bacchi, Alessia and Rispoli, Gabriele and Fisicaro, Emilia and Compari, Carlotta and Sechi, Mario and Stevaert, Annelies and Naesens, Lieve},
doi = {10.1021/mp400482a},
isbn = {1543-8392 (Electronic)$\backslash$r1543-8384 (Linking)},
issn = {15438384},
journal = {Molecular Pharmaceutics},
keywords = {antiviral,influenza virus endonuclease,magnesium complexes,metal chelation,metalloenzymes},
number = {1},
pages = {304--316},
pmid = {24206028},
title = {{Metal-chelating 2-hydroxyphenyl amide pharmacophore for inhibition of influenza virus endonuclease}},
volume = {11},
year = {2014}
}
@article{Gajewicz2014,
author = {Gajewicz, Agnieszka and Schaeublin, Nicole and Rasulev, Bakhtiyor and Hussain, Saber and Leszczynska, Danuta and Puzyn, Tomasz and Leszczynski, Jerzy},
doi = {10.3109/17435390.2014.930195},
isbn = {1743-5390},
issn = {17435404},
journal = {Nanotoxicology},
keywords = {HaCaT,Nano-QSAR,Nano-metal oxides,Nanoparticles,Toxicity},
number = {3},
pages = {313--325},
pmid = {24983896},
title = {{Towards understanding mechanisms governing cytotoxicity of metal oxides nanoparticles: Hints from nano-QSAR studies}},
volume = {9},
year = {2015}
}
@book{vision2020,
author = {Dunning, T. H.},
booktitle = {National Academy of Sciences},
doi = {10.17226/9591},
isbn = {0309597072},
pages = {236},
title = {{Impact of Advances in Computing and Communications Technologies on Chemical Science and Technology: Report of a Workshop}},
url = {http://www.nap.edu/catalog/9591.html},
year = {1999}
}
@article{Schutt2016,
archivePrefix = {arXiv},
arxivId = {1609.08259},
author = {Sch{\"{u}}tt, Kristof T. and Arbabzadah, Farhad and Chmiela, Stefan and M{\"{u}}ller, Klaus R. and Tkatchenko, Alexandre},
doi = {10.1038/ncomms13890},
eprint = {1609.08259},
isbn = {2041-1723 (Electronic) 2041-1723 (Linking)},
issn = {20411723},
journal = {Nature Communications},
pages = {6--13},
pmid = {28067221},
title = {{Quantum-chemical insights from deep tensor neural networks}},
volume = {8},
year = {2017}
}
@article{Puzyn2011,
author = {Puzyn, Tomasz and Rasulev, Bakhtiyor and Gajewicz, Agnieszka and Hu, Xiaoke and Dasari, Thabitha P. and Michalkova, Andrea and Hwang, Huey Min and Toropov, Andrey and Leszczynska, Danuta and Leszczynski, Jerzy},
doi = {10.1038/nnano.2011.10},
isbn = {1748-3387},
issn = {17483395},
journal = {Nature Nanotechnology},
number = {3},
pages = {175--178},
pmid = {21317892},
publisher = {Nature Publishing Group},
title = {{Using nano-QSAR to predict the cytotoxicity of metal oxide nanoparticles}},
volume = {6},
year = {2011}
}
@article{Goh2017b,
archivePrefix = {arXiv},
arxivId = {1706.06689},
author = {Goh, Garrett B and Siegel, Charles and Vishnu, Abhinav and Hodas, Nathan O and Baker, Nathan},
eprint = {1706.06689},
journal = {PNNL pub},
keywords = {artificial intelligence,cheminformatics,computational chemistry,computer vision,convolutional neural network,deep learning,deep neural networks,qsar,qspr},
pages = {1--38},
title = {{Chemception: A Deep Neural Network with Minimal Chemistry Knowledge Matches the Performance of Expert-developed QSAR/QSPR Models}},
url = {https://arxiv.org/ftp/arxiv/papers/1706/1706.06689.pdf{\%}0Ahttp://arxiv.org/abs/1706.06689},
year = {2017}
}
@article{Vicatos2013,
author = {Vicatos, Spyridon and Rychkova, Anna and Mukherjee, Shayantani and Warshel, Arieh},
doi = {10.1002/prot.24482},
issn = {10970134},
journal = {Proteins: Structure, Function and Bioinformatics},
keywords = {Dielectric constants,Free energy calculations,Multiscale modeling,Protein stability,Protein unfolding,Proton transfer},
number = {7},
pages = {1168--1185},
pmid = {25050439},
title = {{An effective Coarse-grained model for biological simulations: Recent refinements and validations}},
volume = {82},
year = {2014}
}
@article{Enache2003,
author = {Enache, M and Dearden, J C and Walker, J D},
doi = {DOI 10.1002/qsar.200390017},
isbn = {1611-020X},
journal = {QSAR {\&} Combinatorial Science},
keywords = {acids,bases,callus culture,metal ions,qsar,softness,sunflower,toxicity},
number = {2},
pages = {234--240},
title = {{QSAR analysis of metal ion toxicity data in sunflower callus cultures (Helianthus annuus "Sunspot")}},
volume = {22},
year = {2003}
}
@article{Pan2016,
author = {Pan, Yong and Li, Ting and Cheng, Jie and Telesca, Donatello and Zink, Jeffrey I. and Jiang, Juncheng},
doi = {10.1039/c6ra01298a},
issn = {20462069},
journal = {RSC Advances},
number = {31},
pages = {25766--25775},
title = {{Nano-QSAR modeling for predicting the cytotoxicity of metal oxide nanoparticles using novel descriptors}},
volume = {6},
year = {2016}
}
@article{ukeconomics,
author = {Kemp, T. J.},
journal = {Science Progress},
number = {September},
pages = {220--231},
title = {{The economic benefits of chemistry research to the UK}},
volume = {94},
year = {2011}
}
@article{TesisLaia,
author = {{Vilella Arribas}, Laia},
isbn = {9788449062636},
journal = {TDX (Tesis Doctorals en Xarxa)},
keywords = {544,Catalysis,Cat{\`{a}}lisi,Ci{\`{e}}ncies Experimentals,Mecanismes de reacci{\'{o}},Metalls de trasici{\'{o}},Reaction mechanisms,Transition metals},
title = {{Elucidating reaction mechanisms for metal-catalyzed oxidations}},
url = {http://www.tdx.cat/handle/10803/394013},
year = {2015}
}
@article{Harvey1998,
author = {Harvey, Jeremy N. and Aschi, Massimiliano and Schwarz, Helmut and Koch, Wolfram},
doi = {10.1007/s002140050309},
isbn = {1432-881X},
issn = {1432881X},
journal = {Theoretical Chemistry Accounts},
keywords = {Minimum energy crossing points,Phenyl cation},
number = {2},
pages = {95--99},
title = {{The singlet and triplet states of phenyl cation. A hybrid approach for locating minimum energy crossing points between non-interacting potential energy surfaces}},
volume = {99},
year = {1998}
}
@article{hpc2020,
author = {Joseph, Earl C and Conway, Steve and Ingle, Chris and Cattaneo, Gabriella and Martinez, Nathaniel and Meunier, Cyril},
number = {September},
title = {{A Strategic Agenda for European Leadership in Supercomputing : HPC 2020 — IDC Final Report of the HPC Study for the DG Information Society of the European Commission}},
year = {2010}
}
@phdthesis{MunozRobles2014a,
author = {{Mu{\~{n}}oz Robles}, Victor},
school = {Universitat Aut{\`{o}}noma de Barcelona},
title = {{Development and Applications of Molecular Modelling Techniques for the Design and Optimization of Artificial Metalloenzymes}},
year = {2014}
}
@techreport{enn2012,
author = {Correia, Antonio},
institution = {Phantoms Foundation},
number = {April},
title = {{European Multiscale Simulation for the Computational Era}},
year = {2012}
}
@book{Lee2017,
author = {Lee, Jooyoung and Freddolino, Peter L and Zhang, Yang},
doi = {10.1007/978-94-024-1069-3},
isbn = {978-94-024-1067-9},
keywords = {protein structure prediction},
title = {{From Protein Structure to Function with Bioinformatics}},
url = {http://link.springer.com/10.1007/978-94-024-1069-3},
year = {2017}
}
@phdthesis{Luer2015,
author = {Luehr, Nathan},
number = {February},
school = {Stanford University},
title = {{Gpu Accelerated Quantum Chemistry}},
year = {2015}
}
@techreport{Warry2006,
author = {Warry, P.},
number = {January},
pages = {9},
title = {{Increasing the Economic Impact of the Research Councils.}},
year = {2007}
}
@article{Meunier2012,
author = {Meunier, Marc},
doi = {10.1080/08927020600710900},
isbn = {0892702060},
issn = {0892-7022},
number = {November 2011},
title = {{Industrial Applications of Molecular Simulation}},
year = {2012}
}
@book{Meunier2012,
editor = {{Marc Meunier}},
isbn = {9781439861028},
publisher = {CRC Press},
title = {{Industrial Applications of Molecular Simulations}},
year = {2012}
}
@phdthesis{TesisAlmudena,
author = {{Couce R{\'{i}}os}, Almudena},
school = {Universitat Aut{\`{o}}noma de Barcelona},
title = {{MECHANISTIC INSIGHTS INTO METAL-CATALYZED HYDROAMINATION REACTIONS}}
}
@article{TesisEli,
author = {{Ortega Carrasco}, Elisabeth},
isbn = {9788449055447},
title = {{Prediction of biometallic interactions: challenges and applications}},
url = {http://hdl.handle.net/10803/308318},
year = {2015}
}
@phdthesis{TesisBea,
author = {P{\'{e}}rez, Beatriz Dom{\'{i}}nguez},
title = {{Rational Design and Synthesis of New Nucleoside Analogues Bearing a Cyclohexane Core}},
year = {2015}
}
@phdthesis{TesisManu,
author = {{Ortu{\~{n}}o Maqueda}, Manuel {\'{A}}ngel},
title = {{Scope of Computational Organometallic Chemistry}},
year = {2014}
}
@inbook{EnzymeDesign2015,
doi = {10.1039/9781782626831},
editor = {Tuñón, Iñaki and Moliner, Vicent},
isbn = {9781782626831},
publisher = {Royal Society of Chemistry},
title = {{Computational Methods in Enzyme Catalysis}},
booktitle = {Simulating Enzyme Reactivity},
chapter = {15},
pages = {514},
year = {2016}
}
@phdthesis{TesisRosa,
author = {{Miralles Llum{\`{a}}}, Rosa},
school = {Universitat Aut{\`{o}}noma de Barcelona},
title = {{Synthesis and Computational Studies of Nucleoside Analogues as Antiviral Agents}},
year = {2013}
}
@article{Goldbeck2016,
author = {Goldbeck, Gerhard and Court, Christa},
doi = {10.5281/ZENODO.44780},
isbn = {9789622096837},
keywords = {PDF available,general materials},
number = {January},
pages = {35},
title = {{The Economic Impact of Materials Modelling}},
url = {https://zenodo.org/record/44780{\%}7B{\#}{\%}7D.V2p{\%}7B{\_}{\%}7Ddfl97mE{\%}5Cnhttps://drive.google.com/open?id=0B0fTxDBXtHZMTWRja1lITFZmLVE},
year = {2016}
}
@article{Goldbeck2012,
author = {Goldbeck, Gerhard},
doi = {10.5281/zenodo.44359},
pages = {0--45},
title = {{The economic impact of molecular modelling}},
year = {2012}
}
@article{goldbeck2017,
author = {John, St and Road, Cowley and Kingdom, United},
number = {January},
pages = {1--16},
title = {{The scientific software industry: a general overview}},
year = {2017}
}
@article{tesismax,
author = {Garc{\'{i}}a, Maximiliano},
title = {{Theoretical Study on Pd-catalyzed Cross Coupling Reactions}},
year = {2012}
}
@article{Mayo1990,
author = {Mayo, Stephen L. and Olafson, Barry D. and Goddard, William A.},
doi = {10.1021/j100389a010},
journal = {The Journal of Physical Chemistry},
mendeley-groups = {Garleek},
month = {dec},
number = {26},
pages = {8897--8909},
title = {{DREIDING: a generic force field for molecular simulations}},
url = {http://pubs.acs.org/doi/abs/10.1021/j100389a010},
volume = {94},
year = {1990}
}
@article{OBoyle2011,
author = {O'{B}oyle, Noel M. and Banck, Michael and James, Craig A. and Morley, Chris and Vandermeersch, Tim and Hutchison, Geoffrey R.},
doi = {10.1186/1758-2946-3-33},
isbn = {1758-2946},
issn = {17582946},
journal = {Journal of Cheminformatics},
mendeley-groups = {ESIgen supporting},
number = {10},
pmid = {21982300},
title = {{Open Babel: An Open chemical toolbox}},
volume = {3},
year = {2011}
}
@article{devivo2017,
author = {De Vivo Marco and Cavalli Andrea},
title = {Recent advances in dynamic docking for drug discovery},
journal = {Wiley Interdisciplinary Reviews: Computational Molecular Science},
year = {2017},
volume = {7},
number = {6},
pages = {e1320},
doi = {10.1002/wcms.1320},
url = {https://onlinelibrary.wiley.com/doi/abs/10.1002/wcms.1320},
eprint = {https://onlinelibrary.wiley.com/doi/pdf/10.1002/wcms.1320}
}
@electronic{uksciencemuseum,
author = {Dorothy M. Crowfoot Hodgkin},
title = {{Molecular model of penicillin (Science Museum Group Collection)}},
year = {1945 (accessed 2018-07-12)},
url={https://collection.sciencemuseum.org.uk/objects/co417245/molecular-model-of-penicillin-by-dorothy-m-crowfoot-hodgkin-england-1945-penicillin},
note="\url{https://collection.sciencemuseum.org.uk/objects/co417245/molecular-model-of-penicillin-by-dorothy-m-crowfoot-hodgkin-england-1945-penicillin}",
}
@misc{pdb:1ze9,
title={Zinc-binding domain of {A}lzheimer's disease amyloid beta-peptide complexed with a zinc ({II}) cation},
url={http://dx.doi.org/10.2210/pdb1ZE9/pdb},
DOI={10.2210/pdb1ze9/pdb},
publisher={Protein Data Bank, Rutgers University},
author={Zirah, S. and Kozin, S.A. and Mazur, A.K. and Blond, A. and Cheminant, M. and Segalas-Milazzo, I. and Debey, P. and Rebuffat, S.},
year={2005},
month={May}
}
@article{maseras1995imomm,
  title={{IMOMM}: A new integrated ab initio+ molecular mechanics geometry optimization scheme of equilibrium structures and transition states},
  author={Maseras, Feliu and Morokuma, Keiji},
  journal={Journal of Computational Chemistry},
  volume={16},
  number={9},
  pages={1170--1179},
  year={1995},
  publisher={Wiley Online Library}
}
@article{humbel1996imomo,
  title={The {IMOMO} method: Integration of different levels of molecular orbital approximations for geometry optimization of large systems: Test for n-butane conformation and SN 2 reaction: RCl+ Cl-},
  author={Humbel, St{\'e}phane and Sieber, Stefan and Morokuma, Keiji},
  journal={The Journal of chemical physics},
  volume={105},
  number={5},
  pages={1959--1967},
  year={1996},
  publisher={AIP}
}
@article{svensson1996oniom,
  title={{ONIOM}: a multilayered integrated MO+ MM method for geometry optimizations and single point energy predictions. A test for Diels-Alder reactions and Pt (P (t-Bu) 3) 2+ H2 oxidative addition},
  author={Svensson, Mats and Humbel, Stephane and Froese, Robert DJ and Matsubara, Toshiaki and Sieber, Stefan and Morokuma, Keiji},
  journal={The Journal of Physical Chemistry},
  volume={100},
  number={50},
  pages={19357--19363},
  year={1996},
  publisher={ACS Publications}
}
@electronic{github,
author = {{GitHub}},
title = {{GitHub}},
year = {2008 (accessed 2018-07-12)},
url={https://github.com},
note="\url{https://github.com}"
}
@electronic{firstchimera,
author = {{UCSF Chimera Team}},
title = {{Chimera release notes}},
year = {2000 (accessed 2018-07-12)},
url={http://plato.cgl.ucsf.edu/chimera/data/downloads/1.1602/docs/relnotes.html},
note="\url{http://plato.cgl.ucsf.edu/chimera/data/downloads/1.1602/docs/relnotes.html}"
}
@article{chimera,
  title={{UCSF Chimera} -- a visualization system for exploratory research and analysis},
  author={Pettersen, Eric F and Goddard, Thomas D and Huang, Conrad C and Couch, Gregory S and Greenblatt, Daniel M and Meng, Elaine C and Ferrin, Thomas E},
  journal={Journal of computational chemistry},
  volume={25},
  number={13},
  pages={1605--1612},
  year={2004},
  publisher={Wiley Online Library}
}
@article{numpy,
  title={The {NumPy} array: a structure for efficient numerical computation},
  author={Walt, St{\'e}fan van der and Colbert, S Chris and Varoquaux, Gael},
  journal={Computing in Science \& Engineering},
  volume={13},
  number={2},
  pages={22--30},
  year={2011},
  publisher={IEEE}
}
@inproceedings{numba,
  title={{Numba: A LLVM-based python JIT compiler}},
  author={Lam, Siu Kwan and Pitrou, Antoine and Seibert, Stanley},
  booktitle={Proceedings of the Second Workshop on the LLVM Compiler Infrastructure in HPC},
  pages={7},
  year={2015},
  organization={ACM}
}
@article{cython,
  title={Cython: The best of both worlds},
  author={Behnel, Stefan and Bradshaw, Robert and Citro, Craig and Dalcin, Lisandro and Seljebotn, Dag Sverre and Smith, Kurt},
  journal={Computing in Science \& Engineering},
  volume={13},
  number={2},
  pages={31--39},
  year={2011},
  publisher={IEEE}
}
@misc{chemdraw,
  title={Chem3D Ultra},
  author={ChemDraw},
  publisher={Cambridge Soft Corporation, Cambridge, USA}
}
@misc{gaussview,
  title={GaussView},
  author={Dennington, Roy and Keith, Todd and Millam, John and Eppinnett, Ken and Hovell, W Lee and Gilliland, Ray},
  year={2009}
}
@article{avogadro,
  title={Avogadro: an advanced semantic chemical editor, visualization, and analysis platform},
  author={Hanwell, Marcus D and Curtis, Donald E and Lonie, David C and Vandermeersch, Tim and Zurek, Eva and Hutchison, Geoffrey R},
  journal={Journal of cheminformatics},
  volume={4},
  number={1},
  pages={17},
  year={2012},
  publisher={Nature Publishing Group}
}
@article{errat,
author = {Colovos, Chris and Yeates, Todd O.},
title = {Verification of protein structures: Patterns of nonbonded atomic interactions},
journal = {Protein Science},
volume = {2},
number = {9},
pages = {1511-1519},
keywords = {crystal structure, nonbonded atomic contacts, structure verification},
doi = {10.1002/pro.5560020916},
url = {https://onlinelibrary.wiley.com/doi/abs/10.1002/pro.5560020916},
eprint = {https://onlinelibrary.wiley.com/doi/pdf/10.1002/pro.5560020916}
}
@article{prosess,
  title={{PROSESS}: a protein structure evaluation suite and server},
  author={Berjanskii, Mark and Liang, Yongjie and Zhou, Jianjun and Tang, Peter and Stothard, Paul and Zhou, You and Cruz, Joseph and MacDonell, Cam and Lin, Guohui and Lu, Paul and others},
  journal={Nucleic acids research},
  volume={38},
  number={suppl\_2},
  pages={W633--W640},
  year={2010},
  publisher={Oxford University Press}
}
@article{amber,
  title={{AMBER}, a package of computer programs for applying molecular mechanics, normal mode analysis, molecular dynamics and free energy calculations to simulate the structural and energetic properties of molecules},
  author={Pearlman, David A and Case, David A and Caldwell, James W and Ross, Wilson S and Cheatham III, Thomas E and DeBolt, Steve and Ferguson, David and Seibel, George and Kollman, Peter},
  journal={Computer Physics Communications},
  volume={91},
  number={1-3},
  pages={1--41},
  year={1995},
  publisher={Elsevier}
}
@article{cornell1995second,
  title={A second generation force field for the simulation of proteins, nucleic acids, and organic molecules},
  author={Cornell, Wendy D and Cieplak, Piotr and Bayly, Christopher I and Gould, Ian R and Merz, Kenneth M and Ferguson, David M and Spellmeyer, David C and Fox, Thomas and Caldwell, James W and Kollman, Peter A},
  journal={Journal of the American Chemical Society},
  volume={117},
  number={19},
  pages={5179--5197},
  year={1995},
  publisher={ACS Publications}
}

@inproceedings{tensorflow,
  title={Tensorflow: a system for large-scale machine learning.},
  author={Abadi, Mart{\'\i}n and Barham, Paul and Chen, Jianmin and Chen, Zhifeng and Davis, Andy and Dean, Jeffrey and Devin, Matthieu and Ghemawat, Sanjay and Irving, Geoffrey and Isard, Michael and others},
  booktitle={OSDI},
  volume={16},
  pages={265--283},
  year={2016}
}
@inproceedings{theano,
  title={Theano: Deep learning on gpus with python},
  author={Bergstra, James and Bastien, Fr{\'e}d{\'e}ric and Breuleux, Olivier and Lamblin, Pascal and Pascanu, Razvan and Delalleau, Olivier and Desjardins, Guillaume and Warde-Farley, David and Goodfellow, Ian and Bergeron, Arnaud and others},
  booktitle={NIPS 2011, BigLearning Workshop, Granada, Spain},
  volume={3},
  pages={1--48},
  year={2011},
  organization={Citeseer}
}
@misc{pytorch,
  title={{PyTorch}},
  author={Paszke, Adam and Gross, Sam and Chintala, Soumith and Chanan, Gregory},
  year={2017}
}
@article{dunbrack1993backbone,
  title={Backbone-dependent rotamer library for proteins application to side-chain prediction},
  author={Dunbrack Jr, Roland L and Karplus, Martin},
  journal={Journal of molecular biology},
  volume={230},
  number={2},
  pages={543--574},
  year={1993},
  publisher={Elsevier}
}
@article{scouras2011dynameomics,
  title={The {D}ynameomics rotamer library: amino acid side chain conformations and dynamics from comprehensive molecular dynamics simulations in water},
  author={Scouras, Alexander D and Daggett, Valerie},
  journal={Protein Science},
  volume={20},
  number={2},
  pages={341--352},
  year={2011},
  publisher={Wiley Online Library}
}
@article{lovell2000penultimate,
  title={The penultimate rotamer library},
  author={Lovell, Simon C and Word, J Michael and Richardson, Jane S and Richardson, David C},
  journal={Proteins: Structure, Function, and Bioinformatics},
  volume={40},
  number={3},
  pages={389--408},
  year={2000},
  publisher={Wiley Online Library}
}
@article{krammer2005ligscore,
  title={{LigScore}: a novel scoring function for predicting binding affinities},
  author={Krammer, Andr{\'e} and Kirchhoff, Paul D and Jiang, X and Venkatachalam, CM and Waldman, Marvin},
  journal={Journal of Molecular Graphics and Modelling},
  volume={23},
  number={5},
  pages={395--407},
  year={2005},
  publisher={Elsevier}
}
@article{neudert2011dsx,
  title={{DSX}: a knowledge-based scoring function for the assessment of protein--ligand complexes},
  author={Neudert, Gerd and Klebe, Gerhard},
  journal={Journal of chemical information and modeling},
  volume={51},
  number={10},
  pages={2731--2745},
  year={2011},
  publisher={ACS Publications}
}
@article{trott2010autodock,
  title={{AutoDock Vina}: improving the speed and accuracy of docking with a new scoring function, efficient optimization, and multithreading},
  author={Trott, Oleg and Olson, Arthur J},
  journal={Journal of computational chemistry},
  volume={31},
  number={2},
  pages={455--461},
  year={2010},
  publisher={Wiley Online Library}
}
@article{verdonk2003improved,
  title={Improved protein--ligand docking using {GOLD}},
  author={Verdonk, Marcel L and Cole, Jason C and Hartshorn, Michael J and Murray, Christopher W and Taylor, Richard D},
  journal={Proteins: Structure, Function, and Bioinformatics},
  volume={52},
  number={4},
  pages={609--623},
  year={2003},
  publisher={Wiley Online Library}
}
@article{gold,
  title={Development and validation of a genetic algorithm for flexible docking},
  author={Jones, Gareth and Willett, Peter and Glen, Robert C and Leach, Andrew R and Taylor, Robin},
  journal={Journal of molecular biology},
  volume={267},
  number={3},
  pages={727--748},
  year={1997},
  publisher={Elsevier}
}
@article{schuchardt2007basis,
  title={Basis set exchange: a community database for computational sciences},
  author={Schuchardt, Karen L and Didier, Brett T and Elsethagen, Todd and Sun, Lisong and Gurumoorthi, Vidhya and Chase, Jared and Li, Jun and Windus, Theresa L},
  journal={Journal of chemical information and modeling},
  volume={47},
  number={3},
  pages={1045--1052},
  year={2007},
  publisher={ACS Publications}
}
@electronic{pdbfixer,
  author = {{Eastman, Peter}},
  title = {{PDBFixer}},
  year = {2013 (accessed 2018-07-13)},
  url={https://github.com/pandegroup/pdbfixer},
  note="\url{https://github.com/pandegroup/pdbfixer}"
}
@article{wang2001antechamber,
  title={Antechamber: an accessory software package for molecular mechanical calculations},
  author={Wang, Junmei and Wang, Wei and Kollman, Peter A and Case, David A},
  journal={J. Am. Chem. Soc},
  volume={222},
  pages={U403},
  year={2001},
  publisher={Citeseer}
}

@article{mcpbpy,
author = {Li, Pengfei and Merz, Kenneth M.},
title = {MCPB.py: A Python Based Metal Center Parameter Builder},
journal = {Journal of Chemical Information and Modeling},
volume = {56},
number = {4},
pages = {599-604},
year = {2016},
doi = {10.1021/acs.jcim.5b00674},
note ={PMID: 26913476},
URL = {https://doi.org/10.1021/acs.jcim.5b00674},
eprint = {https://doi.org/10.1021/acs.jcim.5b00674}
}

@article{snfg,
  title={Symbol nomenclature for graphical representations of glycans},
  author={Varki, Ajit and Cummings, Richard D and Aebi, Markus and Packer, Nicole H and Seeberger, Peter H and Esko, Jeffrey D and Stanley, Pamela and Hart, Gerald and Darvill, Alan and Kinoshita, Taroh and others},
  journal={Glycobiology},
  volume={25},
  number={12},
  pages={1323--1324},
  year={2015},
  publisher={Oxford University Press}
}
@article{3dsnfg,
  title={{3D} implementation of the symbol nomenclature for graphical representation of glycans},
  author={Thieker, David F and Hadden, Jodi A and Schulten, Klaus and Woods, Robert J},
  journal={Glycobiology},
  volume={26},
  number={8},
  pages={786--787},
  year={2016},
  publisher={Oxford University Press}
}
@book{raymond2003art,
  title={The art of Unix programming},
  author={Raymond, Eric S},
  year={2003},
  publisher={Addison-Wesley Professional}
}
@article{nciplot,
  title={{NCIPLOT}: a program for plotting noncovalent interaction regions},
  author={Contreras-Garc{\'\i}a, Julia and Johnson, Erin R and Keinan, Shahar and Chaudret, Robin and Piquemal, Jean-Philip and Beratan, David N and Yang, Weitao},
  journal={Journal of chemical theory and computation},
  volume={7},
  number={3},
  pages={625--632},
  year={2011},
  publisher={ACS Publications}
}
@article{nciplotcuda,
  title={{GPU} accelerated implementation of {NCI} calculations using promolecular density},
  author={Rubez, Ga{\"e}tan and Etancelin, Jean-Matthieu and Vigouroux, Xavier and Krajecki, Michael and Boisson, Jean-Charles and H{\'e}non, Eric},
  journal={Journal of computational chemistry},
  volume={38},
  number={14},
  pages={1071--1083},
  year={2017},
  publisher={Wiley Online Library}
}
@article{salentin2015plip,
  title={{PLIP}: fully automated protein--ligand interaction profiler},
  author={Salentin, Sebastian and Schreiber, Sven and Haupt, V Joachim and Adasme, Melissa F and Schroeder, Michael},
  journal={Nucleic acids research},
  volume={43},
  number={W1},
  pages={W443--W447},
  year={2015},
  publisher={Oxford University Press}
}
@article{mmtk,
  title={The molecular modeling toolkit: a new approach to molecular simulations},
  author={Hinsen, Konrad},
  journal={Journal of Computational Chemistry},
  volume={21},
  number={2},
  pages={79--85},
  year={2000},
  publisher={Wiley Online Library}
}
@article{prody,
  title={{ProDy}: protein dynamics inferred from theory and experiments},
  author={Bakan, Ahmet and Meireles, Lidio M and Bahar, Ivet},
  journal={Bioinformatics},
  volume={27},
  number={11},
  pages={1575--1577},
  year={2011},
  publisher={Oxford University Press}
}
@article{propka,
  title={Graphical analysis of pH-dependent properties of proteins predicted using {PROPKA}},
  author={Rostkowski, Micha{\l} and Olsson, Mats HM and S{\o}ndergaard, Chresten R and Jensen, Jan H},
  journal={BMC structural biology},
  volume={11},
  number={1},
  pages={6},
  year={2011},
  publisher={BioMed Central}
}
@misc{rdkit,
  title={{RDKit}: Open-source cheminformatics},
  author={Landrum, Greg and others},
  year={2006}
}
@misc{conda,
abstract = {Package, dependency and environment management for any language—Python, R, Ruby, Lua, Scala, Java, JavaScript, C/ C++, FORTRAN},
author = {{Continuum Analytics}},
title = {{Conda}},
url = {https://conda.io/docs/},
note = "\url{https://conda.io/docs/}",
urldate = {2017-11-28},
year = {2017 (accessed 2018-07-13)}
}
@article{gromacs,
  title={{GROMACS} 4: algorithms for highly efficient, load-balanced, and scalable molecular simulation},
  author={Hess, Berk and Kutzner, Carsten and Van Der Spoel, David and Lindahl, Erik},
  journal={Journal of chemical theory and computation},
  volume={4},
  number={3},
  pages={435--447},
  year={2008},
  publisher={ACS Publications}
}
@article{openmm,
  title={{OpenMM} 7: Rapid development of high performance algorithms for molecular dynamics},
  author={Eastman, Peter and Swails, Jason and Chodera, John D and McGibbon, Robert T and Zhao, Yutong and Beauchamp, Kyle A and Wang, Lee-Ping and Simmonett, Andrew C and Harrigan, Matthew P and Stern, Chaya D and others},
  journal={PLoS computational biology},
  volume={13},
  number={7},
  pages={e1005659},
  year={2017},
  publisher={Public Library of Science}
}
@article{cclib,
  title={Cclib: a library for package-independent computational chemistry algorithms},
  author={O'{B}oyle, Noel M and Tenderholt, Adam L and Langner, Karol M},
  journal={Journal of computational chemistry},
  volume={29},
  number={5},
  pages={839--845},
  year={2008},
  publisher={Wiley Online Library}
}
@article{gaussian,
  title={Gaussian 16, revision A. 03},
  author={Frisch, MJ and Trucks, GW and Schlegel, HB and Scuseria, GE and Robb, MA and Cheeseman, JR and Scalmani, G and Barone, V and Petersson, GA and Nakatsuji, H and others},
  journal={Gaussian Inc., Wallingford CT},
  year={2016}
}
@article{nwchem,
  title={{NWChem}: a comprehensive and scalable open-source solution for large scale molecular simulations},
  author={Valiev, Marat and Bylaska, Eric J and Govind, Niranjan and Kowalski, Karol and Straatsma, Tjerk P and Van Dam, Hubertus JJ and Wang, Dunyou and Nieplocha, Jarek and Apra, Edoardo and Windus, Theresa L and others},
  journal={Computer Physics Communications},
  volume={181},
  number={9},
  pages={1477--1489},
  year={2010},
  publisher={Elsevier}
}
@article{orca,
  title={The {ORCA} program system},
  author={Neese, Frank},
  journal={Wiley Interdisciplinary Reviews: Computational Molecular Science},
  volume={2},
  number={1},
  pages={73--78},
  year={2012},
  publisher={Wiley Online Library}
}
@article{chimerax,
  title={UCSF ChimeraX: Meeting modern challenges in visualization and analysis},
  author={Goddard, Thomas D and Huang, Conrad C and Meng, Elaine C and Pettersen, Eric F and Couch, Gregory S and Morris, John H and Ferrin, Thomas E},
  journal={Protein Science},
  volume={27},
  number={1},
  pages={14--25},
  year={2018},
  publisher={Wiley Online Library}
}
@electronic{zenodo,
author = {{CERN}},
title = {{Zenodo}},
year = {2013 (accessed 2018-07-13)},
url={https://zenodo.org},
note="\url{https://zenodo.org}"
}
@electronic{figshare,
author = {{Figshare LLP}},
title = {{FigShare}},
year = {2011 (accessed 2018-07-13)},
url={https://figshare.com},
note="\url{https://figshare.com}"
}
@article{mecpro,
  title={Development and Application of Minimum Energy Crossing Point Software Suite for Organometallic Reactions},
  author={Snyder, Justin and Ess, Daniel H.},
  journal={Journal of Undergraduate Research},
  year={2017},
  publisher={Brigham Young University}
}
@electronic{mecpy,
author = {Radoń, Mariusz},
title = {{MECPy 0.9}},
year = {2015 (accessed 2018-07-13)},
url={http://www2.chemia.uj.edu.pl/~mradon/mecpy/},
note="\url{http://www2.chemia.uj.edu.pl/~mradon/mecpy/}"
}
@electronic{sobmecp,
author = {Lu, Tian},
title = {{sobMECP program}},
year = {2015 (accessed 2018-07-13)},
url={http://sobereva.com/286},
note="\url{http://sobereva.com/286}"
}
@article{schrodinger,
author = {Schrödinger, Erwin},
title = {Quantisierung als Eigenwertproblem},
journal = {Annalen der Physik},
volume = {385},
number = {13},
pages = {437-490},
doi = {10.1002/andp.19263851302},
url = {https://onlinelibrary.wiley.com/doi/abs/10.1002/andp.19263851302},
eprint = {https://onlinelibrary.wiley.com/doi/pdf/10.1002/andp.19263851302}
}
@article{heitlerlondon,
  title={Wechselwirkung neutraler Atome und hom{\"o}opolare Bindung nach der Quantenmechanik},
  author={Heitler, Walter and London, Fritz},
  journal={Zeitschrift f{\"u}r Physik},
  volume={44},
  number={6-7},
  pages={455--472},
  year={1927},
  publisher={Springer}
}
@inbook{bolcer2007,
author = {Bolcer John D. and Hermann Robert B.},
publisher = {Wiley-Blackwell},
isbn = {9780470125823},
title = {The Development of Computational Chemistry in the United States},
booktitle = {Reviews in Computational Chemistry},
chapter = {},
pages = {1-63},
doi = {10.1002/9780470125823.ch1},
url = {https://onlinelibrary.wiley.com/doi/abs/10.1002/9780470125823.ch1},
eprint = {https://onlinelibrary.wiley.com/doi/pdf/10.1002/9780470125823.ch1},
year = {2007},
abstract = {Summary This chapter contains sections titled: Introduction Beginnings Expansion and Extension Questions of Patronage A Bid for Big Science Epilogue Acknowledgments}
}
@electronic{ccl,
author = {{Computational Chemistry List members}},
title = {100 years of computational chemistry?},
year = {2018 (accessed 2018-07-13)},
url={http://www.ccl.net/cgi-bin/ccl/message-new?2018+04+19+002},
note="\url{http://www.ccl.net/cgi-bin/ccl/message-new?2018+04+19+002}"
}
@article{teller1930hydrogen,
  title={About the hydrogen molecular ion},
  author={Teller, Edward},
  journal={Zeitschrift fuer Physik},
  volume={61},
  pages={458--480},
  year={1930}
}
@article{mulliken,
title={Robert Sanderson Mulliken, 7 June 1896 - 31 October 1986},
volume={35},
url={http://dx.doi.org/10.1098/rsbm.1990.0015},
DOI={10.1098/rsbm.1990.0015},
journal={Biographical Memoirs of Fellows of the Royal Society},
publisher={The Royal Society},
author={Longuet-Higgins, Hugh Christopher},
year={1990},
month={Mar},
pages={327–354},
}
@article {born,
	author = {Kemmer, Nicholas and Schlapp, R},
	title = {Max {B}orn, 1882-1970},
	volume = {17},
	pages = {17--52},
	year = {1971},
	doi = {10.1098/rsbm.1971.0002},
	publisher = {The Royal Society},
	issn = {0080-4606},
	URL = {http://rsbm.royalsocietypublishing.org/content/17/17},
	eprint = {http://rsbm.royalsocietypublishing.org/content/17/17.full.pdf},
	journal = {Biographical Memoirs of Fellows of the Royal Society},
}
@article{bornoppenheimer,
  title={Zur quantentheorie der molekeln},
  author={Born, Max and Oppenheimer, Robert},
  journal={Annalen der Physik},
  volume={389},
  number={20},
  pages={457--484},
  year={1927},
  publisher={Wiley Online Library}
}
@article {hartree,
	title = {Douglas Rayner Hartree, 1897-1958},
	volume = {4},
	pages = {102--116},
	year = {1958},
	doi = {10.1098/rsbm.1958.0010},
	publisher = {The Royal Society},
	issn = {0080-4606},
	URL = {http://rsbm.royalsocietypublishing.org/content/4/102},
	eprint = {http://rsbm.royalsocietypublishing.org/content/4/102.full.pdf},
	journal = {Biographical Memoirs of Fellows of the Royal Society},
  author = {Darwin, Charles Galton}
}
@article {pauling,
	title = {Linus Carl Pauling, 28 February 1901 - 19 August 1994},
	volume = {42},
	pages = {317--338},
	year = {1996},
	doi = {10.1098/rsbm.1996.0020},
	publisher = {The Royal Society},
	issn = {0080-4606},
	URL = {http://rsbm.royalsocietypublishing.org/content/42/317},
	eprint = {http://rsbm.royalsocietypublishing.org/content/42/317.full.pdf},
	journal = {Biographical Memoirs of Fellows of the Royal Society},
  author = {Dunitz, Jack David}
}
@article {Oppenheimer,
  author = {Bethe, Hans Albrecht},
	title = {J. Robert Oppenheimer, 1904-1967},
	volume = {14},
	pages = {390--416},
	year = {1968},
	doi = {10.1098/rsbm.1968.0016},
	publisher = {The Royal Society},
	issn = {0080-4606},
	URL = {http://rsbm.royalsocietypublishing.org/content/14/390},
	eprint = {http://rsbm.royalsocietypublishing.org/content/14/390.full.pdf},
	journal = {Biographical Memoirs of Fellows of the Royal Society}
}
@article {huckel,
	author = {Hartmann, H and Longuet-Higgins, Hugh Christopher },
	title = {Erich H{\"u}ckel, 9 August 1896 - 16 February 1980},
	volume = {28},
	pages = {153--162},
	year = {1982},
	doi = {10.1098/rsbm.1982.0008},
	publisher = {The Royal Society},
	issn = {0080-4606},
	URL = {http://rsbm.royalsocietypublishing.org/content/28/153},
	eprint = {http://rsbm.royalsocietypublishing.org/content/28/153.full.pdf},
	journal = {Biographical Memoirs of Fellows of the Royal Society}
}
@article{fock,
  title={N{\"a}herungsmethode zur L{\"o}sung des quantenmechanischen Mehrk{\"o}rperproblems},
  author={Fock, Vladimir},
  journal={Zeitschrift f{\"u}r Physik},
  volume={61},
  number={1-2},
  pages={126--148},
  year={1930},
  publisher={Springer}
}
@article{lifson1968consistent,
  title={Consistent force field for calculations of conformations, vibrational spectra, and enthalpies of cycloalkane and n-alkane molecules},
  author={Lifson, Shneior and Warshel, Arieh},
  journal={The Journal of Chemical Physics},
  volume={49},
  number={11},
  pages={5116--5129},
  year={1968},
  publisher={AIP}
}
@article{hagler1974energy,
  title={Energy functions for peptides and proteins. I. Derivation of a consistent force field including the hydrogen bond from amide crystals},
  author={Hagler, AT and Huler, E and Lifson, Shneior},
  journal={Journal of the American Chemical Society},
  volume={96},
  number={17},
  pages={5319--5327},
  year={1974},
  publisher={ACS Publications}
}
@incollection{niketic1977lecture,
  title={Lecture notes in chemistry},
  author={Niketic, SR and Rasmussen, K},
  booktitle={The consistent force field: a documentation},
  volume={3},
  year={1977},
  publisher={Springer Berlin}
}
@article{momany1975energy,
  title={Energy parameters in polypeptides. VII. Geometric parameters, partial atomic charges, nonbonded interactions, hydrogen bond interactions, and intrinsic torsional potentials for the naturally occurring amino acids},
  author={Momany, FA and McGuire, R F\_ and Burgess, AW and Scheraga, Harold A},
  journal={The Journal of Physical Chemistry},
  volume={79},
  number={22},
  pages={2361--2381},
  year={1975},
  publisher={ACS Publications}
}
@article{nemethy1983energy,
  title={Energy parameters in polypeptides. IX. Updating of geometrical parameters, nonbonded interactions, and hydrogen bond interactions for the naturally occurring amino acids},
  author={Nemethy, George and Pottle, Marcia S and Scheraga, Harold A},
  journal={The Journal of Physical Chemistry},
  volume={87},
  number={11},
  pages={1883--1887},
  year={1983},
  publisher={ACS Publications}
}
@article{van1987groningen,
  title={Groningen molecular simulation {(GROMOS)} library manual},
  author={van Gunsteren, Wilfred F and Berendsen, Herman JC},
  journal={Biomos, Groningen},
  volume={24},
  number={682704},
  pages={13},
  year={1987}
}
@misc{fortune1981,
author = {{Fortune Magazine}},
title = {The next industrial revolution},
month = {October},
year = {1981},
url={http://backissues.com/issue/Fortune-October-05-1981},
note="\url{http://backissues.com/issue/Fortune-October-05-1981}"
}
@article{Soderhjelm_Tribello_Parrinello_2012,
title={Locating binding poses in protein-ligand systems using reconnaissance metadynamics},
 volume={109},
 url={http://dx.doi.org/10.1073/pnas.1201940109},
 DOI={10.1073/pnas.1201940109},
 number={14},
 journal={Proceedings of the National Academy of Sciences},
 publisher={Proceedings of the National Academy of Sciences},
 author={Soderhjelm, P. and Tribello, G. A. and Parrinello, M.},
 year={2012},
 month={Mar},
 pages={5170–5175}
 }
 @article{morris1998automated,
  title={Automated docking using a {L}amarckian genetic algorithm and an empirical binding free energy function},
  author={Morris, Garrett M and Goodsell, David S and Halliday, Robert S and Huey, Ruth and Hart, William E and Belew, Richard K and Olson, Arthur J},
  journal={Journal of computational chemistry},
  volume={19},
  number={14},
  pages={1639--1662},
  year={1998},
  publisher={Wiley Online Library}
}
@article{baxter1998flexible,
  title={Flexible docking using Tabu search and an empirical estimate of binding affinity},
  author={Baxter, Carol A and Murray, Christopher W and Clark, David E and Westhead, David R and Eldridge, Matthew D},
  journal={Proteins: Structure, Function, and Bioinformatics},
  volume={33},
  number={3},
  pages={367--382},
  year={1998},
  publisher={Wiley Online Library}
}
@article{korb2009empirical,
  title={Empirical scoring functions for advanced protein-ligand docking with {PLANTS}},
  author={Korb, Oliver and Stutzle, Thomas and Exner, Thomas E},
  journal={Journal of chemical information and modeling},
  volume={49},
  number={1},
  pages={84--96},
  year={2009},
  publisher={ACS Publications}
}
@article{venkatachalam2003ligandfit,
  title={LigandFit: a novel method for the shape-directed rapid docking of ligands to protein active sites},
  author={Venkatachalam, Cherayathumadom M and Jiang, Xiaohui and Oldfield, Tom and Waldman, Marvin},
  journal={Journal of Molecular Graphics and Modelling},
  volume={21},
  number={4},
  pages={289--307},
  year={2003},
  publisher={Elsevier}
}
@article{gabb1997modelling,
  title={Modelling protein docking using shape complementarity, electrostatics and biochemical information1},
  author={Gabb, Henry A and Jackson, Richard M and Sternberg, Michael JE},
  journal={Journal of molecular biology},
  volume={272},
  number={1},
  pages={106--120},
  year={1997},
  publisher={Elsevier}
}
@article{shoichet1992molecular,
  title={Molecular docking using shape descriptors},
  author={Shoichet, Brian K and Kuntz, Irwin D and Bodian, Dale L},
  journal={Journal of Computational Chemistry},
  volume={13},
  number={3},
  pages={380--397},
  year={1992},
  publisher={Wiley Online Library}
}
@article{khamis2015machine,
  title={Machine learning in computational docking},
  author={Khamis, Mohamed A and Gomaa, Walid and Ahmed, Walaa F},
  journal={Artificial intelligence in medicine},
  volume={63},
  number={3},
  pages={135--152},
  year={2015},
  publisher={Elsevier}
}
@article{virshup2013stochastic,
  title={Stochastic voyages into uncharted chemical space produce a representative library of all possible drug-like compounds},
  author={Virshup, Aaron M and Contreras-Garc{\'\i}a, Julia and Wipf, Peter and Yang, Weitao and Beratan, David N},
  journal={Journal of the American Chemical Society},
  volume={135},
  number={19},
  pages={7296--7303},
  year={2013},
  publisher={ACS Publications}
}
@inbook{wileybook,
author = {Rodríguez-Guerra Pedregal, Jaime and Alonso-Cotchico, Lur and Sciortino, Giuseppe and Lledós, Agustí and Maréchal, Jean-Didier},
publisher = {Wiley-Blackwell},
isbn = {9783527804085},
title = {Computational Studies of Artificial Metalloenzymes: From Methods and Models to Design and Optimization},
booktitle = {Artificial Metalloenzymes and MetalloDNAzymes in Catalysis},
chapter = {4},
pages = {99-136},
doi = {10.1002/9783527804085.ch4},
url = {https://onlinelibrary.wiley.com/doi/abs/10.1002/9783527804085.ch4},
eprint = {https://onlinelibrary.wiley.com/doi/pdf/10.1002/9783527804085.ch4},
year = {2018},
keywords = {artificial metalloenzymes design, chemogenetics,                de novo design, molecular modeling, multiscale protocol},
}
@article{ccp4,
  title={Overview of the {CCP4} suite and current developments},
  author={Winn, Martyn D and Ballard, Charles C and Cowtan, Kevin D and Dodson, Eleanor J and Emsley, Paul and Evans, Phil R and Keegan, Ronan M and Krissinel, Eugene B and Leslie, Andrew GW and McCoy, Airlie and others},
  journal={Acta Crystallographica Section D},
  volume={67},
  number={4},
  pages={235--242},
  year={2011},
  publisher={Wiley Online Library}
}
@article{phenix,
  title={{PHENIX}: building new software for automated crystallographic structure determination},
  author={Adams, Paul D and Grosse-Kunstleve, Ralf W and Hung, L-W and Ioerger, Thomas R and McCoy, Airlie J and Moriarty, Nigel W and Read, Randy J and Sacchettini, James C and Sauter, Nicholas K and Terwilliger, Thomas C},
  journal={Acta Crystallographica Section D: Biological Crystallography},
  volume={58},
  number={11},
  pages={1948--1954},
  year={2002},
  publisher={International Union of Crystallography}
}
@article{proteindatabank,
  title={The {Protein Data Bank}: A computer-based archival file for macromolecular structures},
  author={Bernstein, Frances C and Koetzle, Thomas F and Williams, Graheme JB and Meyer Jr, Edgar F and Brice, Michael D and Rodgers, John R and Kennard, Olga and Shimanouchi, Takehiko and Tasumi, Mitsuo},
  journal={European Journal of Biochemistry},
  volume={80},
  number={2},
  pages={319--324},
  year={1977},
  publisher={Wiley Online Library}
}
@electronic{sym,
author = {{UCSF Chimera}},
title = {{Usage of addh command}},
year = {(accessed 2018-07-12)},
url={https://www.cgl.ucsf.edu/chimera/docs/UsersGuide/midas/addh.html},
note="\url{https://www.cgl.ucsf.edu/chimera/docs/UsersGuide/midas/addh.html}"
}
@electronic{addh,
author = {{UCSF Chimera}},
title = {{Usage of sym command}},
year = {2010 (accessed 2018-07-12)},
url={https://www.cgl.ucsf.edu/chimera/current/docs/UsersGuide/midas/sym.html},
note="\url{https://www.cgl.ucsf.edu/chimera/current/docs/UsersGuide/midas/sym.html}"
}
@article{word1999asparagine,
  title={Asparagine and glutamine: using hydrogen atom contacts in the choice of side-chain amide orientation1},
  author={Word, J Michael and Lovell, Simon C and Richardson, Jane S and Richardson, David C},
  journal={Journal of molecular biology},
  volume={285},
  number={4},
  pages={1735--1747},
  year={1999},
  publisher={Elsevier}
}
@article{bietz2016siena,
  title={{SIENA}: efficient compilation of selective protein binding site ensembles},
  author={Bietz, Stefan and Rarey, Matthias},
  journal={Journal of chemical information and modeling},
  volume={56},
  number={1},
  pages={248--259},
  year={2016},
  publisher={ACS Publications}
}
@article{benkert2008qmean,
  title={{QMEAN}: A comprehensive scoring function for model quality assessment},
  author={Benkert, Pascal and Tosatto, Silvio CE and Schomburg, Dietmar},
  journal={Proteins: Structure, Function, and Bioinformatics},
  volume={71},
  number={1},
  pages={261--277},
  year={2008},
  publisher={Wiley Online Library}
}
@article{wang2011apollo,
  title={{APOLLO}: a quality assessment service for single and multiple protein models},
  author={Wang, Zheng and Eickholt, Jesse and Cheng, Jianlin},
  journal={Bioinformatics},
  volume={27},
  number={12},
  pages={1715--1716},
  year={2011},
  publisher={Oxford University Press}
}
@article{makridakis2018statistical,
  title={Statistical and Machine Learning forecasting methods: Concerns and ways forward},
  author={Makridakis, Spyros and Spiliotis, Evangelos and Assimakopoulos, Vassilios},
  journal={PloS one},
  volume={13},
  number={3},
  pages={e0194889},
  year={2018},
  publisher={Public Library of Science}
}
@article{smiles,
  title={{SMILES}, a chemical language and information system. 1. Introduction to methodology and encoding rules},
  author={Weininger, David},
  journal={Journal of chemical information and computer sciences},
  volume={28},
  number={1},
  pages={31--36},
  year={1988},
  publisher={ACS Publications}
}
@article{kumar2006protherm,
  title={{ProTherm and ProNIT}: thermodynamic databases for proteins and protein--nucleic acid interactions},
  author={Kumar, MD Shaji and Bava, K Abdulla and Gromiha, M Michael and Prabakaran, Ponraj and Kitajima, Koji and Uedaira, Hatsuho and Sarai, Akinori},
  journal={Nucleic acids research},
  volume={34},
  number={suppl\_1},
  pages={D204--D206},
  year={2006},
  publisher={Oxford University Press}
}
@article{quan2016strum,
  title={STRUM: structure-based prediction of protein stability changes upon single-point mutation},
  author={Quan, Lijun and Lv, Qiang and Zhang, Yang},
  journal={Bioinformatics},
  volume={32},
  number={19},
  pages={2936--2946},
  year={2016},
  publisher={Oxford University Press}
}
@article{kumar2009predicting,
  title={Predicting the effects of coding non-synonymous variants on protein function using the {SIFT} algorithm},
  author={Kumar, Prateek and Henikoff, Steven and Ng, Pauline C},
  journal={Nature protocols},
  volume={4},
  number={7},
  pages={1073},
  year={2009},
  publisher={Nature Publishing Group}
}
@article{fariselli2015inps,
  title={{INPS}: predicting the impact of non-synonymous variations on protein stability from sequence},
  author={Fariselli, Piero and Martelli, Pier Luigi and Savojardo, Castrense and Casadio, Rita},
  journal={Bioinformatics},
  volume={31},
  number={17},
  pages={2816--2821},
  year={2015},
  publisher={Oxford University Press}
}
@article{dehouck2011popmusic,
  title={{PoPMuSiC 2.1}: a web server for the estimation of protein stability changes upon mutation and sequence optimality},
  author={Dehouck, Yves and Kwasigroch, Jean Marc and Gilis, Dimitri and Rooman, Marianne},
  journal={BMC bioinformatics},
  volume={12},
  number={1},
  pages={151},
  year={2011},
  publisher={BioMed Central}
}
@article{siegbahn2009recent,
  title={Recent developments of the quantum chemical cluster approach for modeling enzyme reactions},
  author={Siegbahn, Per EM and Himo, Fahmi},
  journal={JBIC Journal of Biological Inorganic Chemistry},
  volume={14},
  number={5},
  pages={643--651},
  year={2009},
  publisher={Springer}
}
@article{oprea2001chemography,
  title={Chemography: the art of navigating in chemical space},
  author={Oprea, Tudor I and Gottfries, Johan},
  journal={Journal of combinatorial chemistry},
  volume={3},
  number={2},
  pages={157--166},
  year={2001},
  publisher={ACS Publications}
}
@article{bon2010bioactivity,
  title={Bioactivity-guided navigation of chemical space},
  author={Bon, Robin S and Waldmann, Herbert},
  journal={Accounts of chemical research},
  volume={43},
  number={8},
  pages={1103--1114},
  year={2010},
  publisher={ACS Publications}
}
@article{larsson2007chemgps,
  title={{ChemGPS-NP}: tuned for navigation in biologically relevant chemical space},
  author={Larsson, Josefin and Gottfries, Johan and Muresan, Sorel and Backlund, Anders},
  journal={Journal of natural products},
  volume={70},
  number={5},
  pages={789--794},
  year={2007},
  publisher={ACS Publications}
}
@misc{industryarc,
  title= {Computational Medicine And Drug Discovery Software Market: By Tools (Software, Databases and Others); By Application (Drug Discovery and Development, Disease Modeling, Medical Imaging and Others) \& By Geography - Forecast (2018-2023)},
  author={{Industry Arc}},
  year={2018 (accessed 2018-07-13)},
  url={https://industryarc.com/Report/1252/computational-medicine-drug-discovery-software-market-analysis.html},
  note="\url{https://industryarc.com/Report/1252/computational-medicine-drug-discovery-software-market-analysis.html}"
}
@misc{grandviewresearch,
  title= {Structural Biology \& Molecular Modeling Techniques Market Analysis By Tools (SaaS \& Standalone Modeling, Homology Modeling, Threading, Molecular Dynamics, Ab Initio, Visualization \& Analysis, Databases), By Application, And Segment Forecasts, 2018 - 2025},
  author={{Grand View Research}},
  year={2017 (accessed 2018-07-13)},
  url={https://www.grandviewresearch.com/industry-analysis/structural-biology-and-molecular-modeling-technique-market},
  note="\url{https://www.grandviewresearch.com/industry-analysis/structural-biology-and-molecular-modeling-technique-market}"
}
@misc{Accuray,
  title= {Global Computational Biology Market Analysis \& Trends - Industry Forecast to 2025},
  author={{Accuray Research LLP }},
  year={2017 (accessed 2018-07-13)},
  url={https://www.researchandmarkets.com/research/fxp5fw/global},
  note="\url{https://www.researchandmarkets.com/research/fxp5fw/global}"
}
@misc{marketsandmarkets,
  title= {Biosimulation Market by Product (Software, Molecular Simulation, In House, Contract Services), Application (Clinical Trials, PKPD, ADME), Delivery (Subscription, Ownership), End User (Biotech, Pharma Companies, CROs, Regulatory) - Global Forecast to 2022 },
  author={{Markets and Markets}},
  year={2018 (accessed 2018-07-13)},
  url={https://www.marketsandmarkets.com/Market-Reports/biosimulation-market-838.html},
  note="\url{https://www.marketsandmarkets.com/Market-Reports/biosimulation-market-838.html}"
}
@misc{schrodingerpymol,
  title= {Schrödinger Acquires PyMOL},
  author={{Schrödinger, Inc.}},
  year={2010 (accessed 2018-07-13)},
  url={https://www.schrodinger.com/news/schr%C3%B6dinger-acquires-pymol},
  note="\url{https://www.schrodinger.com/news/schr%C3%B6dinger-acquires-pymol}"
}
@misc{omictools,
  title= {Trends, benchmarks and insights in bioinformatics tools. },
  author={{OMICtools}},
  year={2018 (accessed 2018-07-13)},
  url={https://omictools.com/bioinformatics-trends},
  note="\url{https://omictools.com/bioinformatics-trends}"
}
@article{delano2002pymol,
  title={Pymol: An open-source molecular graphics tool},
  author={DeLano, Warren L},
  journal={CCP4 Newsletter On Protein Crystallography},
  volume={40},
  pages={82--92},
  year={2002}
}
@article{pirhadi2016open,
  title={Open source molecular modeling},
  author={Pirhadi, Somayeh and Sunseri, Jocelyn and Koes, David Ryan},
  journal={Journal of Molecular Graphics and Modelling},
  volume={69},
  pages={127--143},
  year={2016},
  publisher={Elsevier}
}
@article{lu2012proteins,
author = {Lu Shao-Yong and Huang Zhi-Min and Huang Wen-Kang and Liu Xin-Yi and Chen Ying-Yi and Shi Ting and Zhang Jian},
title = {How calcium inhibits the magnesium-dependent kinase gsk3β: A molecular simulation study},
journal = {Proteins: Structure, Function, and Bioinformatics},
volume = {81},
number = {5},
pages = {740-753},
keywords = {GSK3β, MD simulations, magnesium, calcium, ATP},
doi = {10.1002/prot.24221},
url = {https://onlinelibrary.wiley.com/doi/abs/10.1002/prot.24221},
eprint = {https://onlinelibrary.wiley.com/doi/pdf/10.1002/prot.24221},
year = {2012}
}
@article{Oelschlaeger_2007,
	doi = {10.1016/j.jmb.2006.10.095},
	url = {https://doi.org/10.1016%2Fj.jmb.2006.10.095},
	year = 2007,
	month = {feb},
	publisher = {Elsevier {BV}},
	volume = {366},
	number = {2},
	pages = {687--701},
	author = {Peter Oelschlaeger and Marco Klahn and William A. Beard and Samuel H. Wilson and Arieh Warshel},
	title = {Magnesium-cationic Dummy Atom Molecules Enhance Representation of {DNA} Polymerase B in Molecular Dynamics Simulations: Improved Accuracy in Studies of Structural Features and Mutational Effects},
	journal = {Journal of Molecular Biology}
}
@article{Saxena_2013,
	doi = {10.1021/ct400177g},
	url = {https://doi.org/10.1021%2Fct400177g},
	year = 2013,
	month = {jul},
	publisher = {American Chemical Society ({ACS})},
	volume = {9},
	number = {8},
	pages = {3538--3542},
	author = {Akansha Saxena and David Sept},
	title = {Multisite Ion Models That Improve Coordination and Free Energy Calculations in Molecular Dynamics Simulations},
	journal = {Journal of Chemical Theory and Computation}
}
@article{Saxena_2014,
	doi = {10.1021/jp507008x},
	url = {https://doi.org/10.1021%2Fjp507008x},
	year = 2014,
	month = {dec},
	publisher = {American Chemical Society ({ACS})},
	volume = {119},
	number = {1},
	pages = {219--227},
	author = {Akansha Saxena and Angel E. Garc{\'{\i}}a},
	title = {Multisite Ion Model in Concentrated Solutions of Divalent Cations ({MgCl}2 and {CaCl}2): Osmotic Pressure Calculations},
	journal = {The Journal of Physical Chemistry B}
}
@article{Liao_2015,
	doi = {10.1021/acs.jpclett.5b01122},
	url = {https://doi.org/10.1021%2Facs.jpclett.5b01122},
	year = 2015,
	month = {jun},
	publisher = {American Chemical Society ({ACS})},
	volume = {6},
	number = {13},
	pages = {2657--2662},
	author = {Qinghua Liao and Shina Caroline Lynn Kamerlin and Birgit Strodel},
	title = {Development and Application of a Nonbonded Cu2+ Model That Includes the Jahn{\textendash}Teller Effect},
	journal = {The Journal of Physical Chemistry Letters}
}
@article{Pang_1999,
	doi = {10.1007/s008940050119},
	url = {https://doi.org/10.1007%2Fs008940050119},
	year = 1999,
	month = {oct},
	publisher = {Springer Nature},
	volume = {5},
	number = {10},
	pages = {196--202},
	author = {Yuan-Ping Pang},
	title = {Novel Zinc Protein Molecular Dynamics Simulations: Steps Toward Antiangiogenesis for Cancer Treatment},
	journal = {Journal of Molecular Modeling}
}
@article{flexx,
  title={Evaluation of the {FLEXX} incremental construction algorithm for protein--ligand docking},
  author={Kramer, Bernd and Rarey, Matthias and Lengauer, Thomas},
  journal={Proteins: Structure, Function, and Bioinformatics},
  volume={37},
  number={2},
  pages={228--241},
  year={1999},
  publisher={Wiley Online Library}
}
@book{walker2012fundamental,
  title={Fundamental QSARs for Metal Ions},
  author={Walker, John D and Enache, Monica and Newman, Michael C},
  year={2012},
  publisher={CRC Press}
}
@article{russel2012putting,
  title={Putting the pieces together: integrative modeling platform software for structure determination of macromolecular assemblies},
  author={Russel, Daniel and Lasker, Keren and Webb, Ben and Vel{\'a}zquez-Muriel, Javier and Tjioe, Elina and Schneidman-Duhovny, Dina and Peterson, Bret and Sali, Andrej},
  journal={PLoS biology},
  volume={10},
  number={1},
  pages={e1001244},
  year={2012},
  publisher={Public Library of Science}
}
@article{nsgaii,
  title={A fast and elitist multiobjective genetic algorithm: {NSGA-II}},
  author={Deb, Kalyanmoy and Pratap, Amrit and Agarwal, Sameer and Meyarivan, TAMT},
  journal={IEEE transactions on evolutionary computation},
  volume={6},
  number={2},
  pages={182--197},
  year={2002},
  publisher={IEEE}
}
@article{das1997closer,
  title={A closer look at drawbacks of minimizing weighted sums of objectives for Pareto set generation in multicriteria optimization problems},
  author={Das, Indraneel and Dennis, John E},
  journal={Structural optimization},
  volume={14},
  number={1},
  pages={63--69},
  year={1997},
  publisher={Springer}
}
@misc{3wlh,
	doi = {10.2210/pdb3wlh/pdb},
	url = {https://doi.org/10.2210%2Fpdb3wlh%2Fpdb},
	year = 2015,
	month = {mar},
	publisher = {Protein Data Bank, Rutgers University},
	author = {V.A. Streltsov and M. Hrmova},
	title = {Crystal Structure Analysis of Plant Exohydrolase}
}
@misc{1rfo,
	doi = {10.2210/pdb1rfo/pdb},
	url = {https://doi.org/10.2210%2Fpdb1rfo%2Fpdb},
	year = 2004,
	month = {mar},
	publisher = {Protein Data Bank, Rutgers University},
	author = {S. Guthe and L. Kapinos and A. Moglich and S. Meier and T. Kiefhaber and S. Grzesiek},
	title = {Trimeric Foldon of the T4 phagehead fibritin}
}
@article{cho2006flame,
  title={{FLAME}: a program to flexibly align molecules},
  author={Cho, Sung Jin and Sun, Yaxiong},
  journal={Journal of chemical information and modeling},
  volume={46},
  number={1},
  pages={298--306},
  year={2006},
  publisher={ACS Publications}
}
@article{girones2001tgsa,
  title={{TGSA}: A molecular superposition program based on topo-geometrical considerations},
  author={Giron{\'e}s, Xavier and Robert, David and Carb{\'o}--Dorca, Ramon},
  journal={Journal of Computational Chemistry},
  volume={22},
  number={2},
  pages={255--263},
  year={2001},
  publisher={Wiley Online Library}
}
@article{hbondtrick,
  title={Prediction of the interaction of metallic moieties with proteins: An update for protein-ligand docking techniques},
  author={Sciortino, Giuseppe and Rodr{\'\i}guez-Guerra Pedregal, Jaime and Lled{\'o}s, Agust{\'\i} and Garribba, Eugenio and Mar{\'e}chal, Jean-Didier},
  journal={Journal of computational chemistry},
  volume={39},
  number={1},
  pages={42--51},
  year={2018},
  publisher={Wiley Online Library}
}
@article{mujika2017elucidating,
  title={Elucidating the {3D} structures of {Al (iii)--AB complexes}: a template free strategy based on the pre-organization hypothesis},
  author={Mujika, Jon I and Pedregal, Jaime Rodr{\'\i}guez-Guerra and Lopez, Xabier and Ugalde, Jesus M and Rodr{\'\i}guez-Santiago, Luis and Sodupe, Mariona and Mar{\'e}chal, Jean-Didier},
  journal={Chemical science},
  volume={8},
  number={7},
  pages={5041--5049},
  year={2017},
  publisher={Royal Society of Chemistry}
}
@article{myronenko2010point,
  title={Point set registration: Coherent point drift},
  author={Myronenko, Andriy and Song, Xubo},
  journal={IEEE transactions on pattern analysis and machine intelligence},
  volume={32},
  number={12},
  pages={2262--2275},
  year={2010},
  publisher={IEEE}
}
@misc{Enterobactin,
	url = {https://pubchem.ncbi.nlm.nih.gov/compound/34231},
	note = "\url{https://pubchem.ncbi.nlm.nih.gov/compound/34231}",
	publisher = {National Center for Biotechnology Information},
	author = {PubChem Compound Database},
	title = {Enterobactin CID=34231}
}
@misc{3tlk,
	doi = {10.2210/pdb3tlk/pdb},
	url = {https://doi.org/10.2210%2Fpdb3tlk%2Fpdb},
	year = 2013,
	month = {jan},
	publisher = {Protein Data Bank, Rutgers University},
	author = {N. Li and L. Gu},
	title = {Crystal structure of holo {FepB}}
}
@misc{nobel2013,
title="The Nobel Prize in Chemistry 2013",
author="Nobel Prize",
publisher="Nobel Media AB",
year= {2014 (accessed 2018-07-14)},
url={http://www.nobelprize.org/nobel_prizes/chemistry/laureates/2013/},
note="\url{http://www.nobelprize.org/nobel_prizes/chemistry/laureates/2013/}"
}
@misc{facebookpython,
title={{How is Python being used at Facebook?}},
author="Quora",
year= {2014 (accessed 2018-07-14)},
url={https://www.quora.com/How-is-Python-being-used-at-Facebook},
note="\url{https://www.quora.com/How-is-Python-being-used-at-Facebook}"
}
@misc{googlepython,
title={{What is Python used for at Google?}},
author="Quora",
year= {2014 (accessed 2018-07-14)},
url={https://www.quora.com/What-is-Python-used-for-at-Google},
note="\url{https://www.quora.com/What-is-Python-used-for-at-Google}"
}
@misc{pythonsuccess,
title="Python Success Stories",
author="Python Software Foundation",
year= {2018 (accessed 2018-07-14)},
url={https://www.python.org/about/success/},
note="\url{https://www.python.org/about/success/}"
}
@misc{stackoverflowpythongrowth,
title={{The Incredible Growth of Python}},
author="Robinson, David",
year= {2017 (accessed 2018-07-14)},
url={https://stackoverflow.blog/2017/09/06/incredible-growth-python/},
note="\url{https://stackoverflow.blog/2017/09/06/incredible-growth-python/}"
}
@misc{pythonpaypal,
title={{10 Myths of Enterprise Python}},
author="Hashemi, Mahmoud",
year= {2014 (accessed 2018-07-14)},
url={https://www.paypal-engineering.com/2014/12/10/10-myths-of-enterprise-python/},
note="\url{https://www.paypal-engineering.com/2014/12/10/10-myths-of-enterprise-python/}"
}
@misc{netflixpython,
title={{Python at Netflix}},
author={Rapoport, Roy and Moyles, Brian and Cistaro, Jim and Bertram, Corey},
year= {2013 (accessed 2018-07-14)},
url={https://medium.com/netflix-techblog/python-at-netflix-86b6028b3b3e},
note="\url{https://medium.com/netflix-techblog/python-at-netflix-86b6028b3b3e}"
}
@misc{brownlee2015,
title={Why we fell out of love with algorithms inspired by nature},
author={Brownlee, Alexander and Woodward, John R.},
year= {2015 (accessed 2018-07-14)},
url={http://theconversation.com/why-we-fell-out-of-love-with-algorithms-inspired-by-nature-42718  },
note="\url{http://theconversation.com/why-we-fell-out-of-love-with-algorithms-inspired-by-nature-42718  }"
}
@misc{parmed,
title={{ParmEd}},
author={Swails, Jason},
year= {2015 (accessed 2018-07-14)},
url={https://github.com/ParmEd/ParmEd},
note="\url{https://github.com/ParmEd/ParmEd}"
}
@misc{openmoltools,
title={{OpenMolTools}},
author={Chodera, John},
year= {2015 (accessed 2018-07-14)},
url={https://github.com/choderalab/openmoltools},
note="\url{https://github.com/choderalab/openmoltools}"
}
@misc{chistory1940,
title={{Timeline of Computer History}},
author={{Computer History Museum}},
year= {2018 (accessed 2018-07-14)},
url={http://www.computerhistory.org/timeline/1940/  },
note="\url{http://www.computerhistory.org/timeline/1940/  }"
}
@article{kettering1930,
  title={A representation of the dynamic properties of molecules by mechanical models},
  author={Kettering, CF and Shutts, LW and Andrews, Donald H},
  journal={Physical Review},
  volume={36},
  number={3},
  pages={531},
  year={1930},
  publisher={APS}
}
@article{Goodnow_2016,
	doi = {10.1038/nrd.2016.213},
	url = {https://doi.org/10.1038%2Fnrd.2016.213},
	year = 2016,
	month = {dec},
	publisher = {Springer Nature},
	volume = {16},
	number = {2},
	pages = {131--147},
	author = {Robert A. Goodnow and Christoph E. Dumelin and Anthony D. Keefe},
	title = {{DNA}-encoded chemistry: enabling the deeper sampling of chemical space},
	journal = {Nature Reviews Drug Discovery}
}
@article{Reymond_2015,
	doi = {10.1021/ar500432k},
	url = {https://doi.org/10.1021%2Far500432k},
	year = 2015,
	month = {feb},
	publisher = {American Chemical Society ({ACS})},
	volume = {48},
	number = {3},
	pages = {722--730},
	author = {Jean-Louis Reymond},
	title = {The Chemical Space Project},
	journal = {Accounts of Chemical Research}
}
@article{Chari_2015,
	doi = {10.1038/nmeth.3493},
	url = {https://doi.org/10.1038%2Fnmeth.3493},
	year = 2015,
	month = {aug},
	publisher = {Springer Nature},
	volume = {12},
	number = {9},
	pages = {859--865},
	author = {Ashwin Chari and David Haselbach and Jan-Martin Kirves and Juergen Ohmer and Elham Paknia and Niels Fischer and Oleg Ganichkin and Vanessa Möller and Jeremiah J Frye and Georg Petzold and Marc Jarvis and Michael Tietzel and Clemens Grimm and Jan-Michael Peters and Brenda A Schulman and Kai Tittmann and Jürgen Markl and Utz Fischer and Holger Stark},
	title = {{ProteoPlex}: stability optimization of macromolecular complexes by sparse-matrix screening of chemical space},
	journal = {Nature Methods}
}
@article{Maggiora_2014,
	doi = {10.1007/s10822-014-9760-0},
	url = {https://doi.org/10.1007%2Fs10822-014-9760-0},
	year = 2014,
	month = {jun},
	publisher = {Springer Nature},
	volume = {28},
	number = {8},
	pages = {795--802},
	author = {Gerald M. Maggiora and Jürgen Bajorath},
	title = {Chemical space networks: a powerful new paradigm for the description of chemical space},
	journal = {Journal of Computer-Aided Molecular Design}
}
@article{Naveja_2017,
	doi = {10.12688/f1000research.12095.2},
	url = {https://doi.org/10.12688%2Ff1000research.12095.2},
	year = 2017,
	month = {aug},
	publisher = {F1000 Research, Ltd.},
	volume = {6},
	pages = {1134},
	author = {J. Jes{\'{u}}s Naveja and Jos{\'{e}} L. Medina-Franco},
	title = {{ChemMaps}: Towards an approach for visualizing the chemical space based on adaptive satellite compounds},
	journal = {F1000Research}
}
@inproceedings{swan2015research,
  title={A research agenda for metaheuristic standardization},
  author={Swan, Jerry and Adriaensen, Steven and Bishr, Mohamed and Burke, Edmund K and Clark, John A and De Causmaecker, Patrick and Durillo, Juanjo and Hammond, Kevin and Hart, Emma and Johnson, Colin G and others},
  booktitle={Proceedings of the XI metaheuristics international conference},
  year={2015}
}
@article{S_rensen_2013,
	doi = {10.1111/itor.12001},
	url = {https://doi.org/10.1111%2Fitor.12001},
	year = 2013,
	month = {feb},
	publisher = {Wiley},
	volume = {22},
	number = {1},
	pages = {3--18},
	author = {Kenneth Sörensen},
	title = {Metaheuristics-the metaphor exposed},
	journal = {International Transactions in Operational Research}
}
@article{Glover_2015,
	doi = {10.4249/scholarpedia.6532},
	url = {https://doi.org/10.4249%2Fscholarpedia.6532},
	year = 2015,
	publisher = {Scholarpedia},
	volume = {10},
	number = {4},
	pages = {6532},
	author = {Fred Glover and Kenneth Sorensen},
	title = {Metaheuristics},
	journal = {Scholarpedia}
}
@article{kirkpatrick1983optimization,
  title={Optimization by simulated annealing},
  author={Kirkpatrick, Scott and Gelatt, C Daniel and Vecchi, Mario P},
  journal={science},
  volume={220},
  number={4598},
  pages={671--680},
  year={1983},
  publisher={American Association for the Advancement of Science}
}
@inproceedings{maniezzo1992distributed,
  title={Distributed optimization by ant colonies},
  author={Colorni, Alberto and Dorigo, Marco and Maniezzo, Vittorio},
  booktitle={Toward a practice of autonomous systems: proceedings of the First European Conference on Artificial Life},
  pages={134},
  year={1992},
  organization={Mit Press}
}
@inproceedings{eberhart1995new,
  title={A new optimizer using particle swarm theory},
  author={Eberhart, Russell and Kennedy, James},
  booktitle={Micro Machine and Human Science, 1995. MHS'95., Proceedings of the Sixth International Symposium on},
  pages={39--43},
  year={1995},
  organization={IEEE}
}
@book{coello2007evolutionary,
  title={Evolutionary Algorithms for Solving Multi-Objective Problems},
  author={Coello, Carlos Coello and Lamont, Gary B and van Veldhuizen, David A},
  year={2007},
  publisher={Springer Science \& Business Media}
}
@article{deb1999multi,
  title={Multi-objective genetic algorithms: Problem difficulties and construction of test problems},
  author={Deb, Kalyanmoy},
  journal={Evolutionary computation},
  volume={7},
  number={3},
  pages={205--230},
  year={1999},
  publisher={MIT Press}
}
@article{alder1959,
  title={Studies in molecular dynamics. I. General method},
  author={Alder, Berni J and Wainwright, T‌ E},
  journal={The Journal of Chemical Physics},
  volume={31},
  number={2},
  pages={459--466},
  year={1959},
  publisher={AIP}
}
@article{gibson1960,
  title={Dynamics of radiation damage},
  author={Gibson, JB and Goland, An N and Milgram, M and Vineyard, GoHo},
  journal={Physical Review},
  volume={120},
  number={4},
  pages={1229},
  year={1960},
  publisher={APS}
}
@article{rahman1964,
  title={Correlations in the motion of atoms in liquid argon},
  author={Rahman, A},
  journal={Physical Review},
  volume={136},
  number={2A},
  pages={A405},
  year={1964},
  publisher={APS}
}
@article{Kmiecik_2016,
	doi = {10.1021/acs.chemrev.6b00163},
	url = {https://doi.org/10.1021%2Facs.chemrev.6b00163},
	year = 2016,
	month = {jun},
	publisher = {American Chemical Society ({ACS})},
	volume = {116},
	number = {14},
	pages = {7898--7936},
	author = {Sebastian Kmiecik and Dominik Gront and Michal Kolinski and Lukasz Wieteska and Aleksandra Elzbieta Dawid and Andrzej Kolinski},
	title = {Coarse-Grained Protein Models and Their Applications},
	journal = {Chemical Reviews}
}
@article{Ing_lfsson_2013,
	doi = {10.1002/wcms.1169},
	url = {https://doi.org/10.1002%2Fwcms.1169},
	year = 2013,
	month = {aug},
	publisher = {Wiley},
	volume = {4},
	number = {3},
	pages = {225--248},
	author = {Helgi I. Ing{\'{o}}lfsson and Cesar A. Lopez and Jaakko J. Uusitalo and Djurre H. de Jong and Srinivasa M. Gopal and Xavier Periole and Siewert J. Marrink},
	title = {The power of coarse graining in biomolecular simulations},
	journal = {Wiley Interdisciplinary Reviews: Computational Molecular Science}
}
@article{Boniecki_2015,
	doi = {10.1093/nar/gkv1479},
	url = {https://doi.org/10.1093%2Fnar%2Fgkv1479},
	year = 2015,
	month = {dec},
	publisher = {Oxford University Press ({OUP})},
	volume = {44},
	number = {7},
	pages = {e63--e63},
	author = {Michal J. Boniecki and Grzegorz Lach and Wayne K. Dawson and Konrad Tomala and Pawel Lukasz and Tomasz Soltysinski and Kristian M. Rother and Janusz M. Bujnicki},
	title = {{SimRNA}: a coarse-grained method for {RNA} folding simulations and 3D structure prediction},
	journal = {Nucleic Acids Research}
}
@article{Potoyan_2012,
	doi = {10.1002/wcms.1114},
	url = {https://doi.org/10.1002%2Fwcms.1114},
	year = 2012,
	month = {aug},
	publisher = {Wiley},
	volume = {3},
	number = {1},
	pages = {69--83},
	author = {Davit A. Potoyan and Alexey Savelyev and Garegin A. Papoian},
	title = {Recent successes in coarse-grained modeling of {DNA}},
	journal = {Wiley Interdisciplinary Reviews: Computational Molecular Science}
}
@article{Baron_2007,
	doi = {10.1002/cphc.200600658},
	url = {https://doi.org/10.1002%2Fcphc.200600658},
	year = 2007,
	month = {feb},
	publisher = {Wiley},
	volume = {8},
	number = {3},
	pages = {452--461},
	author = {Riccardo Baron and Daniel Trzesniak and Alex H. de Vries and Andreas Elsener and Siewert J. Marrink and Wilfred F. van Gunsteren},
	title = {Comparison of Thermodynamic Properties of Coarse-Grained and Atomic-Level Simulation Models},
	journal = {{ChemPhysChem}}
}
@article{Hagan_2016,
	doi = {10.1016/j.coviro.2016.02.012},
	url = {https://doi.org/10.1016%2Fj.coviro.2016.02.012},
	year = 2016,
	month = {jun},
	publisher = {Elsevier {BV}},
	volume = {18},
	pages = {36--43},
	author = {Michael F Hagan and Roya Zandi},
	title = {Recent advances in coarse-grained modeling of virus assembly},
	journal = {Current Opinion in Virology}
}
@article{pivkin2008accurate,
  title={Accurate coarse-grained modeling of red blood cells},
  author={Pivkin, Igor V and Karniadakis, George Em},
  journal={Physical review letters},
  volume={101},
  number={11},
  pages={118105},
  year={2008},
  publisher={APS}
}
@article{Lipkowitz_2000,
	doi = {10.1016/s0022-2860(00)00639-6},
	url = {https://doi.org/10.1016%2Fs0022-2860%2800%2900639-6},
	year = 2000,
	month = {dec},
	publisher = {Elsevier {BV}},
	volume = {556},
	number = {1-3},
	pages = {xi--xiv},
	author = {K.B Lipkowitz and J Laane},
	title = {N.L. Allinger -- Biography},
	journal = {Journal of Molecular Structure}
}
@article{fortin2012deap,
  title={{DEAP}: Evolutionary algorithms made easy},
  author={Fortin, F{\'e}lix-Antoine and Rainville, Fran{\c{c}}ois-Michel De and Gardner, Marc-Andr{\'e} and Parizeau, Marc and Gagn{\'e}, Christian},
  journal={Journal of Machine Learning Research},
  volume={13},
  number={Jul},
  pages={2171--2175},
  year={2012}
}
@article{mdtraj,
  title={{MDTraj}: a modern open library for the analysis of molecular dynamics trajectories},
  author={McGibbon, Robert T and Beauchamp, Kyle A and Harrigan, Matthew P and Klein, Christoph and Swails, Jason M and Hern{\'a}ndez, Carlos X and Schwantes, Christian R and Wang, Lee-Ping and Lane, Thomas J and Pande, Vijay S},
  journal={Biophysical journal},
  volume={109},
  number={8},
  pages={1528--1532},
  year={2015},
  publisher={Elsevier}
}
@article{ipython,
  title={{IPython}: a system for interactive scientific computing},
  author={P{\'e}rez, Fernando and Granger, Brian E},
  journal={Computing in Science \& Engineering},
  volume={9},
  number={3},
  year={2007},
  publisher={IEEE}
}
@inproceedings{kluyver2016jupyter,
  title={Jupyter Notebooks-a publishing format for reproducible computational workflows.},
  author={Kluyver, Thomas and Ragan-Kelley, Benjamin and P{\'e}rez, Fernando and Granger, Brian E and Bussonnier, Matthias and Frederic, Jonathan and Kelley, Kyle and Hamrick, Jessica B and Grout, Jason and Corlay, Sylvain and others},
  booktitle={ELPUB},
  pages={87--90},
  year={2016}
}
@article{amber99sb,
  title={Comparison of multiple Amber force fields and development of improved protein backbone parameters},
  author={Hornak, Viktor and Abel, Robert and Okur, Asim and Strockbine, Bentley and Roitberg, Adrian and Simmerling, Carlos},
  journal={Proteins: Structure, Function, and Bioinformatics},
  volume={65},
  number={3},
  pages={712--725},
  year={2006},
  publisher={Wiley Online Library}
}
@article{amoeba,
  title={Consistent treatment of inter-and intramolecular polarization in molecular mechanics calculations},
  author={Ren, Pengyu and Ponder, Jay W},
  journal={Journal of computational chemistry},
  volume={23},
  number={16},
  pages={1497--1506},
  year={2002},
  publisher={Wiley Online Library}
}
@article{mackerell1998all,
  title={All-atom empirical potential for molecular modeling and dynamics studies of proteins},
  author={MacKerell Jr, Alexander D and Bashford, Donald and Bellott, MLDR and Dunbrack Jr, Roland Leslie and Evanseck, Jeffrey D and Field, Martin J and Fischer, Stefan and Gao, Jiali and Guo, H and Ha, Sookhee and others},
  journal={The journal of physical chemistry B},
  volume={102},
  number={18},
  pages={3586--3616},
  year={1998},
  publisher={ACS Publications}
}
@article{allinger1989molecular,
  title={Molecular mechanics. The {MM3} force field for hydrocarbons. 1},
  author={Allinger, Norman L and Yuh, Young H and Lii, Jenn Huei},
  journal={Journal of the American Chemical Society},
  volume={111},
  number={23},
  pages={8551--8566},
  year={1989},
  publisher={ACS Publications}
}
@article{halgren1996merck,
  title={Merck molecular force field. I. Basis, form, scope, parameterization, and performance of {MMFF94}},
  author={Halgren, Thomas A},
  journal={Journal of computational chemistry},
  volume={17},
  number={5-6},
  pages={490--519},
  year={1996},
  publisher={Wiley Online Library}
}
@article{rose2018ngl,
  title={NGL Viewer: Web-based molecular graphics for large complexes},
  author={Rose, Alexander S and Bradley, Anthony R and Valasatava, Yana and Duarte, Jose M and Prlic, Andreas and Rose, Peter W},
  journal={Bioinformatics},
  volume={1},
  pages={4},
  year={2018},
  publisher={Oxford University Press}
}
@misc{cen2017,
title = {{CEN/WS MODA - Materials modelling - terminology, classification and metadata}},
author = {{European Committee for Standardization}},
year = {2017},
url = {https://www.cen.eu/news/workshops/Pages/WS-2017-012.aspx},
note = "\url{https://www.cen.eu/news/workshops/Pages/WS-2017-012.aspx}"
}
@misc{accelryswhitepaper,
title = {{Measuring the Return on Modeling and Simulation Tools in Pharmaceutical Development (White paper Nº HI204892, Health Industry Insights)}},
author = {Louie, A S and Brown, M S and Kim, A},
year = {2007 (accessed 2018-07-16)},
url = {http://accelrys.com/resource-center/white-papers/roi-mspharma.php},
note = "\url{http://accelrys.com/resource-center/white-papers/roi-mspharma.php}",
}
@article{shaw2008anton,
  title={Anton, a special-purpose machine for molecular dynamics simulation},
  author={Shaw, David E and Deneroff, Martin M and Dror, Ron O and Kuskin, Jeffrey S and Larson, Richard H and Salmon, John K and Young, Cliff and Batson, Brannon and Bowers, Kevin J and Chao, Jack C and others},
  journal={Communications of the ACM},
  volume={51},
  number={7},
  pages={91--97},
  year={2008},
  publisher={ACM}
}
@article{genovese2011daubechies,
  title={Daubechies wavelets for high performance electronic structure calculations: The BigDFT project},
  author={Genovese, Luigi and Videau, Brice and Ospici, Matthieu and Deutsch, Thierry and Goedecker, Stefan and M{\'e}haut, Jean-Fran{\c{c}}ois},
  journal={Comptes Rendus M{\'e}canique},
  volume={339},
  number={2-3},
  pages={149--164},
  year={2011},
  publisher={Elsevier}
}
@article{luehr2011dynamic,
  title={Dynamic precision for electron repulsion integral evaluation on graphical processing units {(GPUs)}},
  author={Luehr, Nathan and Ufimtsev, Ivan S and Mart{\'\i}nez, Todd J},
  journal={Journal of Chemical Theory and Computation},
  volume={7},
  number={4},
  pages={949--954},
  year={2011},
  publisher={ACS Publications}
}
@article{lanyon2010towards,
  title={Towards quantum chemistry on a quantum computer},
  author={Lanyon, Benjamin P and Whitfield, James D and Gillett, Geoff G and Goggin, Michael E and Almeida, Marcelo P and Kassal, Ivan and Biamonte, Jacob D and Mohseni, Masoud and Powell, Ben J and Barbieri, Marco and others},
  journal={Nature chemistry},
  volume={2},
  number={2},
  pages={106},
  year={2010},
  publisher={Nature Publishing Group}
}
@article{zeng2017first,
  title={First quantum computers need smart software},
  author={Zeng, Will and Johnson, Blake and Smith, Robert and Rubin, Nick and Reagor, Matt and Ryan, Colm and Rigetti, Chad},
  journal={Nature},
  volume={549},
  pages={149--151},
  year={2017}
}
@article{reiher2017elucidating,
  title={Elucidating reaction mechanisms on quantum computers},
  author={Reiher, Markus and Wiebe, Nathan and Svore, Krysta M and Wecker, Dave and Troyer, Matthias},
  journal={Proceedings of the National Academy of Sciences},
  pages={201619152},
  year={2017},
  publisher={National Acad Sciences}
}
@article{sim2018quantum,
  title={Quantum Computer Simulates Excited States of Molecule},
  author={Sim, Sukin and Romero, Jonathan and Johnson, Peter D and Aspuru-Guzik, Al{\'a}n},
  journal={Physics},
  volume={11},
  pages={14},
  year={2018},
  publisher={APS}
}
@article{hellweg2017brick,
  title={Brick by brick computation of the gibbs free energy of reaction in solution using quantum chemistry and COSMO-RS},
  author={Hellweg, Arnim and Eckert, Frank},
  journal={AIChE Journal},
  volume={63},
  number={9},
  pages={3944--3954},
  year={2017},
  publisher={Wiley Online Library}
}
@article{kandala2017hardware,
  title={Hardware-efficient variational quantum eigensolver for small molecules and quantum magnets},
  author={Kandala, Abhinav and Mezzacapo, Antonio and Temme, Kristan and Takita, Maika and Brink, Markus and Chow, Jerry M and Gambetta, Jay M},
  journal={Nature},
  volume={549},
  number={7671},
  pages={242},
  year={2017},
  publisher={Nature Publishing Group}
}
@article{dumitrescu2018cloud,
  title={Cloud Quantum Computing of an Atomic Nucleus},
  author={Dumitrescu, Eugene F and McCaskey, Alex J and Hagen, Gaute and Jansen, Gustav R and Morris, Titus D and Papenbrock, T and Pooser, Raphael C and Dean, David Jarvis and Lougovski, Pavel},
  journal={Physical review letters},
  volume={120},
  number={21},
  pages={210501},
  year={2018},
  publisher={APS}
}
@article{compain2010glycosidase,
  title={Glycosidase inhibition with fullerene iminosugar balls: a dramatic multivalent effect},
  author={Compain, Philippe and Decroocq, Camille and Iehl, Julien and Holler, Michel and Hazelard, Damien and Barrag{\'a}n, Teresa Mena and Mellet, Carmen Ortiz and Nierengarten, Jean-Fran{\c{c}}ois},
  journal={Angewandte Chemie International Edition},
  volume={49},
  number={33},
  pages={5753--5756},
  year={2010},
  publisher={Wiley Online Library}
}
@article{pagadala2017software,
  title={Software for molecular docking: a review},
  author={Pagadala, Nataraj S and Syed, Khajamohiddin and Tuszynski, Jack},
  journal={Biophysical reviews},
  volume={9},
  number={2},
  pages={91--102},
  year={2017},
  publisher={Springer}
}
@misc{pdb:1ze7,
title={Zinc-binding domain of Alzheimer's disease amyloid beta-peptide in water solution at pH 6.5},
url={http://dx.doi.org/10.2210/pdb1ZE7/pdb},
DOI={10.2210/pdb1ze7/pdb},
publisher={Protein Data Bank, Rutgers University},
author={Zirah, S. and Kozin, S.A. and Mazur, A.K. and Blond, A. and Cheminant, M. and Segalas-Milazzo, I. and Debey, P. and Rebuffat, S.},
year={2005},
month={May}}
@book{rehder2014bioinorganic,
  title={Bioinorganic chemistry},
  author={Rehder, Dieter},
  year={2014},
  publisher={Oxford University Press}
}
@article{tielker2005pseudomonas,
  title={Pseudomonas aeruginosa lectin LecB is located in the outer membrane and is involved in biofilm formation},
  author={Tielker, Denis and Hacker, Stephanie and Loris, Remy and Strathmann, Martin and Wingender, Jost and Wilhelm, Susanne and Rosenau, Frank and Jaeger, Karl-Erich},
  journal={Microbiology},
  volume={151},
  number={5},
  pages={1313--1323},
  year={2005},
  publisher={Microbiology Society}
}
@article{turner1996mannose,
  title={Mannose-binding lectin: the pluripotent molecule of the innate immune system},
  author={Turner, Malcolm W},
  journal={Immunology today},
  volume={17},
  number={11},
  pages={532--540},
  year={1996},
  publisher={Elsevier}
}
@article{kujlik,
  title={Low-temperature neutron diffraction study of [ReH5 (PPhiPr2) 2 (SiHPh2) 2] and low-temperature X-ray diffraction study of [ReH5 (PCyp3) 2 (SiH2Ph) 2]},
  author={Howard, JUDITH AK and Keller, PETER A and Vogt, T and Taylor, AL and Dix, ND and Spencer, JL},
  journal={Acta Crystallographica Section B},
  volume={48},
  number={4},
  pages={438--444},
  year={1992},
  publisher={Wiley Online Library}
}
@article{Huey_2007,
	doi = {10.1002/jcc.20634},
	url = {https://doi.org/10.1002%2Fjcc.20634},
	year = 2007,
	publisher = {Wiley},
	volume = {28},
	number = {6},
	pages = {1145--1152},
	author = {Ruth Huey and Garrett M. Morris and Arthur J. Olson and David S. Goodsell},
	title = {A semiempirical free energy force field with charge-based desolvation},
	journal = {Journal of Computational Chemistry}
}
@article{Bureekaew_2013,
	doi = {10.1002/pssb.201248460},
	url = {https://doi.org/10.1002%2Fpssb.201248460},
	year = 2013,
	month = {mar},
	publisher = {Wiley},
	volume = {250},
	number = {6},
	pages = {1128--1141},
	author = {Sareeya Bureekaew and Saeed Amirjalayer and Maxim Tafipolsky and Christian Spickermann and Tapta Kanchan Roy and Rochus Schmid},
	title = {{MOF}-{FF} - A flexible first-principles derived force field for metal-organic frameworks},
	journal = {physica status solidi (b)}
}
@article{Addicoat_2014,
	doi = {10.1021/ct400952t},
	url = {https://doi.org/10.1021%2Fct400952t},
	year = 2014,
	month = {jan},
	publisher = {American Chemical Society ({ACS})},
	volume = {10},
	number = {2},
	pages = {880--891},
	author = {Matthew A. Addicoat and Nina Vankova and Ismot Farjana Akter and Thomas Heine},
	title = {Extension of the Universal Force Field to Metal{\textendash}Organic Frameworks},
	journal = {Journal of Chemical Theory and Computation}
}
@incollection{Landis_2007,
	doi = {10.1002/9780470125830.ch2},
	url = {https://doi.org/10.1002%2F9780470125830.ch2},
	year = 2007,
	month = {jan},
	publisher = {John Wiley {\&} Sons, Inc.},
	pages = {73--148},
	author = {Clark R. Landis and Daniel M. Root and Thomas Cleveland},
	title = {Molecular Mechanics Force Fields for Modeling Inorganic and Organometallic Compounds},
	booktitle = {Reviews in Computational Chemistry}
}
@article{Shi_2003,
	doi = {10.1002/jcc.10171},
	url = {https://doi.org/10.1002%2Fjcc.10171},
	year = 2003,
	month = {jul},
	publisher = {Wiley},
	volume = {24},
	number = {9},
	pages = {1059--1076},
	author = {Shenghua Shi and Lisa Yan and Yang Yang and Jodi Fisher-Shaulsky and Tom Thacher},
	title = {An extensible and systematic force field, {ESFF}, for molecular modeling of organic, inorganic, and organometallic systems},
	journal = {Journal of Computational Chemistry}
}
@article{Rappe_1993,
	doi = {10.1021/ic00068a012},
	url = {https://doi.org/10.1021%2Fic00068a012},
	year = 1993,
	month = {aug},
	publisher = {American Chemical Society ({ACS})},
	volume = {32},
	number = {16},
	pages = {3438--3450},
	author = {A. K. Rappe and K. S. Colwell and C. J. Casewit},
	title = {Application of a universal force field to metal complexes},
	journal = {Inorganic Chemistry}
}
@article{Nielson_2005,
	doi = {10.1021/jp046244d},
	url = {https://doi.org/10.1021%2Fjp046244d},
	year = 2005,
	month = {jan},
	publisher = {American Chemical Society ({ACS})},
	volume = {109},
	number = {3},
	pages = {493--499},
	author = {Kevin D. Nielson and Adri C. T. van Duin and Jonas Oxgaard and Wei-Qiao Deng and William A. Goddard},
	title = {Development of the {ReaxFF} Reactive Force Field for Describing Transition Metal Catalyzed Reactions, with Application to the Initial Stages of the Catalytic Formation of Carbon Nanotubes},
	journal = {The Journal of Physical Chemistry A}
}
@misc{forbes4decades,
title = {{Four Decades Of Hacking Biotech And Yet Biology Still Consumes Everything}},
author = {Booth, Bruce},
publisher = {Forbes},
url = {https://www.forbes.com/sites/brucebooth/2017/04/26/four-decades-of-hacking-biotech-and-yet-biology-still-consumes-everything/#17da84a3779e},
note = "\url{https://www.forbes.com/sites/brucebooth/2017/04/26/four-decades-of-hacking-biotech-and-yet-biology-still-consumes-everything/#17da84a3779e}",
year = {2017 (accessed 2018-07-17)},
}
@misc{benhenda,
title = {{Outsourcing AI For Drug Discovery: Independent Expertise Is Key To Avoid Overhyped Claims}},
author = {Benhenda, Mostapha},
publisher = {BiopharmaTrend},
url = {https://www.biopharmatrend.com/post/49-research-in-ai-for-drug-discovery-is-overhyped-and-what-to-do-about-it/},
note = "\url{https://www.biopharmatrend.com/post/49-research-in-ai-for-drug-discovery-is-overhyped-and-what-to-do-about-it/}",
year = {2017 (accessed 2018-07-17)},
}
@misc{maestro,
  title={{Maestro}},
  author={{Schödinger LLC}},
  journal={New York, NY}
}
@misc{openeyelead,
  title={{Lead Suite}},
  author={{OpenEye}},
}
@article{biovia2017discovery,
  title={Discovery studio modeling environment},
  author={Biovia, Dassault Systemes},
  journal={San Diego: Dassault Syst{\`e}mes},
  year={2017}
}
@misc{chemical2016molecular,
  title={{Molecular operating environment (MOE)}},
  author={{Chemical Computing Group Inc.}},
  year={2016},
  publisher={Chemical Computing Group Inc 1010 Sherbooke St. West, Suite\# 910, Montreal, QC, Canada, H3A 2R7}
}
