@article{victor2014,
author = {{Mu{\~{n}}oz Robles}, Victor and Vidossich, Pietro and Lled{\'{o}}s, Agustı́ and Ward, Thomas R and Mar{\'{e}}chal, Jean-didier},
doi = {10.1021/cs400921n},
issn = {21555435},
journal = {ACS Catal.},
keywords = {alternatives to more-,are attracting attention as,arti fi cial enzymes,asymmetric catalysis,catalytically competent metal cofactor,computational chemistry,environment,imine reduction,incorporation of a,ligand dockings,mm,protein,qm,which result from the,within a protein},
number = {Figure 1},
pages = {833--842},
title = {{Computational Insights on an Arti fi cial Imine Reductase Based on the Biotin − Streptavidin Technology}},
volume = {4},
year = {2014}
}
@article{Berman2007,
author = {Berman, Helen M.},
doi = {10.1107/S0108767307035623},
isbn = {0108-7673 (Print)$\backslash$r0108-7673 (Linking)},
issn = {16005724},
journal = {Acta Crystallographica Section A: Foundations of Crystallography},
keywords = {Databases,History of PDB,Nucleic acids,Policy relative to PDB,Proteins},
number = {1},
pages = {88--95},
pmid = {18156675},
publisher = {International Union of Crystallography},
title = {{The Protein Data Bank: A historical perspective}},
volume = {64},
year = {2008}
}
@article{Paliwal2015,
author = {Paliwal, Kuldip and Lyons, James and Heffernan, Rhys},
doi = {10.4172/2379-1764},
issn = {23791764},
journal = {Advanced Techniques in Biology and Medicine},
keywords = {removal of heavy metal,secondary metabolites,streptomyces coelicolor},
number = {3},
pages = {1000139},
title = {{A short review of deep learning neural networks in protien structure prediction problems}},
volume = {3},
year = {2015}
}
@article{maginn2009,
archivePrefix = {arXiv},
arxivId = {arXiv:physics/0201037v1},
author = {Maginn, Edward J.},
doi = {10.1002/aic},
eprint = {0201037v1},
isbn = {9513862380},
issn = {12350621},
journal = {American Institute of Chemical Engineers},
keywords = {Electrostatic droplet actuation,Electrowetting,Lab-on-a-chip,MEMS,Microfluidics,Superhydrophobic surfaces},
number = {6},
pages = {1304--1310},
pmid = {23641116},
primaryClass = {arXiv:physics},
title = {{From Discovery to Data: What Must Happen for Molecular Simulation to Become a Mainstream Chemical Engineering Tool}},
volume = {55},
year = {2009}
}
@article{Grimme2017,
author = {Grimme, Stefan and Schreiner, Peter R.},
doi = {10.1002/anie.201709943},
issn = {15213773},
journal = {Angewandte Chemie - International Edition},
keywords = {chemoinformatics,density functional theory,entropy,nuclear dynamics,wavefunction theory},
number = {16},
pages = {4170--4176},
title = {{Computational Chemistry: The Fate of Current Methods and Future Challenges}},
volume = {57},
year = {2018}
}
@article{Warshel2014,
archivePrefix = {arXiv},
arxivId = {15334406},
author = {Warshel, Arieh},
doi = {10.1002/anie.201403689},
eprint = {15334406},
isbn = {14337851},
issn = {15213773},
journal = {Angewandte Chemie - International Edition},
keywords = {biomolecules,computational chemistry,free energy calculations,molecular modeling,multiscale models},
number = {38},
pages = {10020--10031},
pmid = {25060243},
title = {{Multiscale modeling of biological functions: From enzymes to molecular machines (nobel lecture)}},
volume = {53},
year = {2014}
}
@article{Johns2009,
author = {Johns, Brian A. and Weatherhead, Jason G. and Allen, Scott H. and Thompson, James B. and Garvey, Edward P. and Foster, Scott A. and Jeffrey, Jerry L. and Miller, Wayne H.},
doi = {10.1016/j.bmcl.2009.01.090},
isbn = {0960-894X},
issn = {0960894X},
journal = {Bioorganic and Medicinal Chemistry Letters},
keywords = {HIV integrase,Integration,Metal chelation,Two-metal binder},
number = {6},
pages = {1802--1806},
pmid = {19217781},
publisher = {Elsevier Ltd},
title = {{The use of oxadiazole and triazole substituted naphthyridines as HIV-1 integrase inhibitors. Part 1: Establishing the pharmacophore}},
url = {http://dx.doi.org/10.1016/j.bmcl.2009.01.090},
volume = {19},
year = {2009}
}
@article{Adwan2014,
author = {Adwan, Hassan and Bayer, Helene and Pervaiz, Asim and Sagini, Micah and Berger, Martin R.},
doi = {10.1016/j.biotechadv.2014.03.008},
isbn = {1873-1899 (Electronic)$\backslash$r0734-9750 (Linking)},
issn = {07349750},
journal = {Biotechnology Advances},
keywords = {Antineoplastic activity,Lectin,Ribosome inactivating protein type II,Riproximin,Unfolded protein response,Ximenia americana},
number = {6},
pages = {1077--1090},
pmid = {24699434},
publisher = {Elsevier Inc.},
title = {{Riproximin is a recently discovered type II ribosome inactivating protein with potential for treating cancer}},
url = {http://dx.doi.org/10.1016/j.biotechadv.2014.03.008},
volume = {32},
year = {2014}
}
@article{Durrant2009,
author = {Durrant, Jacob D. and Amaro, Rommie E. and McCammon, J. Andrew},
doi = {10.1111/j.1747-0285.2008.00761.x},
isbn = {17470277 (ISSN)},
issn = {17470277},
journal = {Chemical Biology and Drug Design},
keywords = {AutoGrow,Docking,Evolutionary algorithm,Rational drug design},
number = {2},
pages = {168--178},
pmid = {19207419},
title = {{AutoGrow: A novel algorithm for protein inhibitor design}},
volume = {73},
year = {2009}
}
@article{Li2017,
author = {Li, Pengfei and Merz, Kenneth M.},
doi = {10.1021/acs.chemrev.6b00440},
isbn = {0009-2665},
issn = {15206890},
journal = {Chemical Reviews},
number = {3},
pages = {1564--1686},
pmid = {28045509},
title = {{Metal Ion Modeling Using Classical Mechanics}},
volume = {117},
year = {2017}
}
@article{Can2007,
author = {Can, Chen and Jianlong, Wang},
doi = {10.1016/j.chemosphere.2007.05.043},
isbn = {0045-6535 (Print)$\backslash$r0045-6535 (Linking)},
issn = {00456535},
journal = {Chemosphere},
keywords = {Biosorption,Ionic characteristics,QSAR,Saccharomyces cerevisiae},
number = {10},
pages = {1610--1616},
pmid = {17624405},
title = {{Correlating metal ionic characteristics with biosorption capacity using QSAR model}},
volume = {69},
year = {2007}
}
@article{Ng2015,
author = {Ng, Lik Yin and Chong, Fah Keen and Chemmangattuvalappil, Nishanth G.},
doi = {10.1016/j.compchemeng.2015.03.009},
isbn = {9780444634337},
issn = {00981354},
journal = {Computers and Chemical Engineering},
keywords = {Chemical product design,Computer-aided molecular design,Ionic liquids,Property estimation methods,Sustainable chemical product design},
pages = {115--129},
publisher = {Elsevier Ltd},
title = {{Challenges and opportunities in computer-aided molecular design}},
url = {http://dx.doi.org/10.1016/j.compchemeng.2015.03.009},
volume = {81},
year = {2015}
}
@article{Lane2013,
archivePrefix = {arXiv},
arxivId = {NIHMS150003},
author = {Lane, Thomas J. and Shukla, Diwakar and Beauchamp, Kyle A. and Pande, Vijay S.},
doi = {10.1016/j.sbi.2012.11.002},
eprint = {NIHMS150003},
isbn = {0959-440X},
issn = {0959440X},
journal = {Current Opinion in Structural Biology},
number = {1},
pages = {58--65},
pmid = {23237705},
publisher = {Elsevier Ltd},
title = {{To milliseconds and beyond: Challenges in the simulation of protein folding}},
url = {http://dx.doi.org/10.1016/j.sbi.2012.11.002},
volume = {23},
year = {2013}
}
@article{burrau1927,
author = {Burrau, Ojvind},
journal = {Die Natur-wissenschaften},
number = {1},
pages = {16--17},
title = {{Berechnung des Energiewertes des Wasserstoff molekelIons (H2+) im Normalzustand}},
volume = {7},
year = {1927}
}
@article{Yang2016,
author = {Yang, Mu and Bierbach, Ulrich},
doi = {10.1002/ejic.201601149},
issn = {10990682},
journal = {European Journal of Inorganic Chemistry},
keywords = {Antibodies,Antitumor agents,Drug design,Inhibitors,Kinases,Metals,Signaling},
number = {12},
pages = {1561--1572},
title = {{Metal-Containing Pharmacophores in Molecularly Targeted Anticancer Therapies and Diagnostics}},
volume = {2017},
year = {2017}
}
@article{mayr2016,
archivePrefix = {arXiv},
arxivId = {1503.01445},
author = {Mayr, Andreas and Klambauer, G{\"{u}}nter and Unterthiner, Thomas and Hochreiter, Sepp},
doi = {10.3389/fenvs.2015.00080},
eprint = {1503.01445},
isbn = {2296-665X},
issn = {2296-665X},
journal = {Frontiers in Environmental Science},
keywords = {Deep Learning,Tox21,challenge winner,deep networks,machine learning,neural networks,tox prediction,toxicophores},
number = {February},
title = {{DeepTox: Toxicity Prediction using Deep Learning}},
url = {http://arxiv.org/abs/1503.01445},
volume = {3},
year = {2016}
}
@article{Andersen2014,
archivePrefix = {arXiv},
arxivId = {arXiv:1302.4006v2},
author = {Andersen, Jakob L. and Flamm, Christoph and Merkle, Daniel and Stadler, Peter F.},
doi = {10.1504/IJCBDD.2014.061649},
eprint = {arXiv:1302.4006v2},
issn = {1756-0756},
journal = {International Journal of Computational Biology and Drug Design},
number = {2/3},
pages = {225},
pmid = {24878732},
title = {{Generic strategies for chemical space exploration}},
url = {http://www.inderscience.com/link.php?id=61649},
volume = {7},
year = {2014}
}
@article{Seminario1996,
author = {Seminario, J M},
journal = {International Journal of Quantum Chemistry},
pages = {59--65},
title = {{Calculation of intramolecular force fields from second- derivative tensors}},
volume = {60},
year = {1996}
}
@article{Rappe1992,
archivePrefix = {arXiv},
arxivId = {1305.7119},
author = {Rapp{\'{e}}, A.K. K and Casewit, C.J. J and Colwell, K.S. S and {Goddard III}, W.A. and Skiff, W.M.},
doi = {10.1021/ja00051a040},
eprint = {1305.7119},
isbn = {0002-7863},
issn = {0002-7863},
journal = {J. Am. Chem. Soc.},
number = {25},
pages = {10024--10035},
pmid = {26580059},
title = {{UFF, a Full Periodic Table Force Field for Molecular Mechanics and Molecular Dynamics Simulations}},
volume = {114},
year = {1992}
}
@article{Wang2004,
archivePrefix = {arXiv},
arxivId = {z0024},
author = {Wang, J M and Wolf, R M and Caldwell, J W and Kollman, P a and Case, D a},
doi = {10.1002/jcc.20035},
eprint = {z0024},
isbn = {0192-8651},
issn = {0192-8651},
journal = {J. Comput. Chem.},
keywords = {additive force field,force field parameterization,general amber force field,restrained electrostatic},
number = {9},
pages = {1157--1174},
pmid = {221624200007},
title = {{Development and testing of a general amber force field}},
volume = {25},
year = {2004}
}
@article{Halgren1996,
author = {Halgren, Thomas a},
doi = {10.1002/(SICI)1096-987X(199604)17:5/6<520::AID-JCC2>3.0.CO;2-W},
isbn = {1096-987X},
issn = {0192-8651},
journal = {J. Comput. Chem.},
number = {5-6},
pages = {490--519},
pmid = {1000253627},
title = {{Merck Molecular Force Field.}},
url = {http://doi.wiley.com/10.1002/(SICI)1096-987X(199604)17:5/6{\%}3C490::AID-JCC1{\%}3E3.0.CO;2-P},
volume = {17},
year = {1996}
}
@book{lipkovitz1990,
booktitle = {John Wiley {\&} Sonds},
editor = {Lipkovitz, Kenny B. and Boyd, Donald B.},
isbn = {089573754X},
title = {{Reviews in Computational Chemistry}},
year = {1990}
}
@article{Burger2012,
author = {Burger, SK and Lacasse, Mike and Verstraelen, Toon},
journal = {Journal of Chemical},
number = {Ii},
pages = {118--121},
title = {{Automated Parameterization of AMBER force field terms from vibrational analysis with a focus on functionalizing dinuclear zinc (II) scaffolds}},
url = {http://pubs.acs.org/doi/abs/10.1021/ct2007742},
year = {2012}
}
@article{Ma2015,
author = {Ma, Junshui and Sheridan, Robert P. and Liaw, Andy and Dahl, George E. and Svetnik, Vladimir},
doi = {10.1021/ci500747n},
isbn = {1549-9596},
issn = {15205142},
journal = {Journal of Chemical Information and Modeling},
number = {2},
pages = {263--274},
pmid = {25635324},
title = {{Deep neural nets as a method for quantitative structure-activity relationships}},
volume = {55},
year = {2015}
}
@article{Li2016,
author = {Li, Pengfei and Merz, Kenneth M.},
doi = {10.1021/acs.jcim.5b00674},
issn = {15205142},
journal = {Journal of Chemical Information and Modeling},
number = {4},
pages = {599--604},
pmid = {26913476},
title = {{MCPB.py: A Python Based Metal Center Parameter Builder}},
volume = {56},
year = {2016}
}
@article{Zheng2016,
archivePrefix = {arXiv},
arxivId = {arXiv:1408.1149},
author = {Zheng, Suqing and Tang, Qing and He, Jian and Du, Shiyu and Xu, Shaofang and Wang, Chaojie and Xu, Yong and Lin, Fu},
doi = {10.1021/acs.jcim.5b00687},
eprint = {arXiv:1408.1149},
isbn = {2012009832},
issn = {15205142},
journal = {Journal of Chemical Information and Modeling},
number = {4},
pages = {811--818},
pmid = {26998926},
title = {{VFFDT: A New Software for Preparing AMBER Force Field Parameters for Metal-Containing Molecular Systems}},
volume = {56},
year = {2016}
}
@article{Fracchia2017,
author = {Fracchia, Francesco and {Del Frate}, Gianluca and Mancini, Giordano and Rocchia, Walter and Barone, Vincenzo},
doi = {10.1021/acs.jctc.7b00779},
issn = {15499626},
journal = {Journal of Chemical Theory and Computation},
number = {1},
pages = {255--273},
title = {{Force Field Parametrization of Metal Ions from Statistical Learning Techniques}},
volume = {14},
year = {2018}
}
@article{Allen2017,
author = {Allen, Alice E.A. and Payne, Michael C. and Cole, Daniel J.},
doi = {10.1021/acs.jctc.7b00785},
issn = {15499626},
journal = {Journal of Chemical Theory and Computation},
number = {1},
pages = {274--281},
title = {{Harmonic Force Constants for Molecular Mechanics Force Fields via Hessian Matrix Projection}},
volume = {14},
year = {2018}
}
@article{Li2017b,
author = {Li, Ying and Li, Hui and Pickard, Frank C. and Narayanan, Badri and Sen, Fatih G. and Chan, Maria K.Y. and Sankaranarayanan, Subramanian K.R.S. and Brooks, Bernard R. and Roux, Beno{\^{i}}t},
doi = {10.1021/acs.jctc.7b00521},
isbn = {1549-9618},
issn = {15499626},
journal = {Journal of Chemical Theory and Computation},
number = {9},
pages = {4492--4503},
pmid = {28800233},
title = {{Machine Learning Force Field Parameters from Ab Initio Data}},
volume = {13},
year = {2017}
}
@article{faber2017,
annote = {PMID: 28926232},
author = {Faber, Felix A and Hutchison, Luke and Huang, Bing and Gilmer, Justin and Schoenholz, Samuel S and Dahl, George E and Vinyals, Oriol and Kearnes, Steven and Riley, Patrick F and von Lilienfeld, O Anatole},
doi = {10.1021/acs.jctc.7b00577},
journal = {Journal of Chemical Theory and Computation},
number = {11},
pages = {5255--5264},
title = {{Prediction Errors of Molecular Machine Learning Models Lower than Hybrid DFT Error}},
url = {https://doi.org/10.1021/acs.jctc.7b00577},
volume = {13},
year = {2017}
}
@article{Koutsoukas2017,
author = {Koutsoukas, Alexios and Monaghan, Keith J. and Li, Xiaoli and Huan, Jun},
doi = {10.1186/s13321-017-0226-y},
issn = {17582946},
journal = {Journal of Cheminformatics},
keywords = {Cheminformatics,Data-mining,Deep learning,Machine-learning,Na{\"{i}}ve Bayes,Random forest,SARs,Support vector machines,kNN},
number = {1},
pages = {1--13},
pmid = {29086090},
publisher = {Springer International Publishing},
title = {{Deep-learning: Investigating deep neural networks hyper-parameters and comparison of performance to shallow methods for modeling bioactivity data}},
volume = {9},
year = {2017}
}
@article{Nguyen2018,
author = {Nguyen, Minh Khoa and Jaillet, L{\'{e}}onard and Redon, St{\'{e}}phane},
doi = {10.1002/jcc.25132},
issn = {1096987X},
journal = {Journal of Computational Chemistry},
keywords = {ART-RRT,dimension reduction,ligand unbinding pathway,morphing,motion planning},
number = {11},
pages = {665--678},
title = {{ART-RRT: As-Rigid-As-Possible exploration of ligand unbinding pathways}},
volume = {39},
year = {2018}
}
@article{Brooks1983,
author = {Brooks, Bernard R. and Bruccoleri, Robert E. and Olafson, Barry D. and States, David J. and Swaminathan, S. and Karplus, Martin},
doi = {10.1002/jcc.540040211},
isbn = {0192-8651},
issn = {1096987X},
journal = {Journal of Computational Chemistry},
number = {2},
pages = {187--217},
pmid = {1},
title = {{CHARMM: A program for macromolecular energy, minimization, and dynamics calculations}},
volume = {4},
year = {1983}
}
@article{vanommeslaeghe2009,
archivePrefix = {arXiv},
arxivId = {NIHMS150003},
author = {Brooks, B. R. and III, C. L. Brooks and {A. D. Mackerell}, Jr. and Nilsson, L. and Petrella, R. J. and Roux, B. and Won, Y. and Archontis, G. and Bartels, C. and Boresch, S. and Caflisch, A. and Caves, L. and Cui, Q. and Dinner, A. R. and Feig, M. and Fischer, S. and Gao, J. and Hodoscek, M.W. I and Karplus, M.},
doi = {10.1002/jcc},
eprint = {NIHMS150003},
isbn = {1096-987X},
issn = {1096-987X},
journal = {Journal of computational chemistry},
keywords = {computational chemistry,computer aided drug design,drug design,empirical force field,medicinal chemistry,molecular dynamics,molecular modeling},
number = {10},
pages = {1545--1614},
pmid = {20928852},
title = {{CHARMM: The Biomolecular Simulation Program B.}},
volume = {30},
year = {2009}
}
@article{Goh2017,
archivePrefix = {arXiv},
arxivId = {1701.04503},
author = {Goh, Garrett B. and Hodas, Nathan O. and Vishnu, Abhinav},
doi = {10.1002/jcc.24764},
eprint = {1701.04503},
isbn = {0192-8651},
issn = {1096987X},
journal = {Journal of Computational Chemistry},
keywords = {artificial intelligence,cheminformatics,deep learning,machine learning,materials genome,molecular modeling,protein structure prediction,quantitative structure activity relationship,quantum chemistry,toxicology},
number = {16},
pages = {1291--1307},
pmid = {28272810},
title = {{Deep learning for computational chemistry}},
volume = {38},
year = {2017}
}
@article{Clark1989,
author = {Clark, Matthew and Cramer, Richard D. and {Van Opdenbosch}, Nicole},
doi = {10.1002/jcc.540100804},
isbn = {1096-987X},
issn = {1096987X},
journal = {Journal of Computational Chemistry},
number = {8},
pages = {982--1012},
pmid = {3551900},
title = {{Validation of the general purpose tripos 5.2 force field}},
volume = {10},
year = {1989}
}
@article{Kawasuji2012,
author = {Kawasuji, Takashi and Johns, Brian A. and Yoshida, Hiroshi and Taishi, Teruhiko and Taoda, Yoshiyuki and Murai, Hitoshi and Kiyama, Ryuichi and Fuji, Masahiro and Yoshinaga, Tomokazu and Seki, Takahiro and Kobayashi, Masanori and Sato, Akihiko and Fujiwara, Tamio},
doi = {10.1021/jm3010459},
issn = {00222623},
journal = {Journal of Medicinal Chemistry},
number = {20},
pages = {8735--8744},
pmid = {22963135},
title = {{Carbamoyl pyridone HIV-1 integrase inhibitors. 1. Molecular design and establishment of an advanced two-metal binding pharmacophore}},
volume = {55},
year = {2012}
}
@article{Cherkasov2013,
archivePrefix = {arXiv},
arxivId = {NIHMS150003},
author = {Cherkasov, Artem and Muratov, Eugene N. and Fourches, Denis and Varnek, Alexandre and Baskin, Igor I. and Cronin, Mark and Dearden, John and Gramatica, Paola and Martin, Yvonne C. and Todeschini, Roberto and Consonni, Viviana and Kuz'Min, Victor E. and Cramer, Richard and Benigni, Romualdo and Yang, Chihae and Rathman, James and Terfloth, Lothar and Gasteiger, Johann and Richard, Ann and Tropsha, Alexander},
doi = {10.1021/jm4004285},
eprint = {NIHMS150003},
isbn = {0022-2623},
issn = {15204804},
journal = {Journal of Medicinal Chemistry},
number = {12},
pages = {4977--5010},
pmid = {24351051},
title = {{QSAR modeling: Where have you been? Where are you going to?}},
volume = {57},
year = {2014}
}
@misc{Sali1993,
author = {{\v{S}}ali, Andrej and Blundell, Tom L.},
booktitle = {Journal of Molecular Biology},
doi = {10.1006/jmbi.1993.1626},
isbn = {0022-2836 (Print)$\backslash$r0022-2836 (Linking)},
issn = {00222836},
keywords = {Comparative protein modelling,Optimization,Protein database,Restraints,Serine proteinases},
number = {3},
pages = {779--815},
pmid = {8254673},
title = {{Comparative protein modelling by satisfaction of spatial restraints}},
volume = {234},
year = {1993}
}
@article{Duarte2014,
author = {Duarte, Fernanda and Bauer, Paul and Barrozo, Alexandre and Amrein, Beat Anton and Purg, Miha and {\AA}qvist, Johan and Kamerlin, Shina Caroline Lynn},
doi = {10.1021/jp501737x},
isbn = {1520-6106},
issn = {15205207},
journal = {Journal of Physical Chemistry B},
number = {16},
pages = {4351--4362},
pmid = {24670003},
title = {{Force field independent metal parameters using a nonbonded dummy model}},
volume = {118},
year = {2014}
}
@article{Allinger1977,
author = {Allinger, Norman L.},
doi = {10.1021/ja00467a001},
isbn = {0002-7863},
issn = {15205126},
journal = {Journal of the American Chemical Society},
number = {25},
pages = {8127--8134},
title = {{Conformational Analysis. 130. MM2. A Hydrocarbon Force Field Utilizing V1and V2Torsional Terms1,2}},
volume = {99},
year = {1977}
}
@article{aaqvist1990,
author = {{\AA}qvist, Johan and Warshel, Arieh},
doi = {10.1021/ja00164a003},
isbn = {0002-7863},
issn = {15205126},
journal = {Journal of the American Chemical Society},
number = {8},
pages = {2860--2868},
title = {{Free Energy Relationships in Metalloenzyme-Catalyzed Reactions. Calculations of the Effects of Metal Ion Substitutions in Staphylococcal Nuclease}},
volume = {112},
year = {1990}
}
@article{Lotz2018,
author = {Lotz, Samuel D. and Dickson, Alex},
doi = {10.1021/jacs.7b08572},
issn = {15205126},
journal = {Journal of the American Chemical Society},
number = {2},
pages = {618--628},
pmid = {29303257},
title = {{Unbiased Molecular Dynamics of 11 min Timescale Drug Unbinding Reveals Transition State Stabilizing Interactions}},
volume = {140},
year = {2018}
}
@article{Bourne1997,
author = {Bourne, Philip E. and Berman, Helen M. and McMahon, Brian and Watenpaugh, Keith D. and Westbrook, John D. and Fitzgerald, Paula M.D.},
doi = {10.1016/S0076-6879(97)77032-0},
isbn = {9780121821784},
issn = {00766879},
journal = {Methods in Enzymology},
number = {1977},
pages = {571--590},
pmid = {18488325},
title = {{Macromolecular crystallographic information file}},
volume = {277},
year = {1997}
}
@article{Carcelli2014,
author = {Carcelli, Mauro and Rogolino, Dominga and Bacchi, Alessia and Rispoli, Gabriele and Fisicaro, Emilia and Compari, Carlotta and Sechi, Mario and Stevaert, Annelies and Naesens, Lieve},
doi = {10.1021/mp400482a},
isbn = {1543-8392 (Electronic)$\backslash$r1543-8384 (Linking)},
issn = {15438384},
journal = {Molecular Pharmaceutics},
keywords = {antiviral,influenza virus endonuclease,magnesium complexes,metal chelation,metalloenzymes},
number = {1},
pages = {304--316},
pmid = {24206028},
title = {{Metal-chelating 2-hydroxyphenyl amide pharmacophore for inhibition of influenza virus endonuclease}},
volume = {11},
year = {2014}
}
@article{Gajewicz2014,
author = {Gajewicz, Agnieszka and Schaeublin, Nicole and Rasulev, Bakhtiyor and Hussain, Saber and Leszczynska, Danuta and Puzyn, Tomasz and Leszczynski, Jerzy},
doi = {10.3109/17435390.2014.930195},
isbn = {1743-5390},
issn = {17435404},
journal = {Nanotoxicology},
keywords = {HaCaT,Nano-QSAR,Nano-metal oxides,Nanoparticles,Toxicity},
number = {3},
pages = {313--325},
pmid = {24983896},
title = {{Towards understanding mechanisms governing cytotoxicity of metal oxides nanoparticles: Hints from nano-QSAR studies}},
volume = {9},
year = {2015}
}
@book{vision2020,
author = {Dunning, T. H.},
booktitle = {National Academy of Sciences},
doi = {10.17226/9591},
isbn = {0309597072},
pages = {236},
title = {{Impact of Advances in Computing and Communications Technologies on Chemical Science and Technology: Report of a Workshop}},
url = {http://www.nap.edu/catalog/9591.html},
year = {1999}
}
@article{Schutt2016,
archivePrefix = {arXiv},
arxivId = {1609.08259},
author = {Sch{\"{u}}tt, Kristof T. and Arbabzadah, Farhad and Chmiela, Stefan and M{\"{u}}ller, Klaus R. and Tkatchenko, Alexandre},
doi = {10.1038/ncomms13890},
eprint = {1609.08259},
isbn = {2041-1723 (Electronic) 2041-1723 (Linking)},
issn = {20411723},
journal = {Nature Communications},
pages = {6--13},
pmid = {28067221},
title = {{Quantum-chemical insights from deep tensor neural networks}},
volume = {8},
year = {2017}
}
@article{Puzyn2011,
author = {Puzyn, Tomasz and Rasulev, Bakhtiyor and Gajewicz, Agnieszka and Hu, Xiaoke and Dasari, Thabitha P. and Michalkova, Andrea and Hwang, Huey Min and Toropov, Andrey and Leszczynska, Danuta and Leszczynski, Jerzy},
doi = {10.1038/nnano.2011.10},
isbn = {1748-3387},
issn = {17483395},
journal = {Nature Nanotechnology},
number = {3},
pages = {175--178},
pmid = {21317892},
publisher = {Nature Publishing Group},
title = {{Using nano-QSAR to predict the cytotoxicity of metal oxide nanoparticles}},
volume = {6},
year = {2011}
}
@article{Goh2017b,
archivePrefix = {arXiv},
arxivId = {1706.06689},
author = {Goh, Garrett B and Siegel, Charles and Vishnu, Abhinav and Hodas, Nathan O and Baker, Nathan},
eprint = {1706.06689},
journal = {PNNL pub},
keywords = {artificial intelligence,cheminformatics,computational chemistry,computer vision,convolutional neural network,deep learning,deep neural networks,qsar,qspr},
pages = {1--38},
title = {{Chemception: A Deep Neural Network with Minimal Chemistry Knowledge Matches the Performance of Expert-developed QSAR/QSPR Models}},
url = {https://arxiv.org/ftp/arxiv/papers/1706/1706.06689.pdf{\%}0Ahttp://arxiv.org/abs/1706.06689},
year = {2017}
}
@article{Vicatos2013,
author = {Vicatos, Spyridon and Rychkova, Anna and Mukherjee, Shayantani and Warshel, Arieh},
doi = {10.1002/prot.24482},
issn = {10970134},
journal = {Proteins: Structure, Function and Bioinformatics},
keywords = {Dielectric constants,Free energy calculations,Multiscale modeling,Protein stability,Protein unfolding,Proton transfer},
number = {7},
pages = {1168--1185},
pmid = {25050439},
title = {{An effective Coarse-grained model for biological simulations: Recent refinements and validations}},
volume = {82},
year = {2014}
}
@article{Enache2003,
author = {Enache, M and Dearden, J C and Walker, J D},
doi = {DOI 10.1002/qsar.200390017},
isbn = {1611-020X},
journal = {QSAR {\&} Combinatorial Science},
keywords = {acids,bases,callus culture,metal ions,qsar,softness,sunflower,toxicity},
number = {2},
pages = {234--240},
title = {{QSAR analysis of metal ion toxicity data in sunflower callus cultures (Helianthus annuus "Sunspot")}},
volume = {22},
year = {2003}
}
@article{Pan2016,
author = {Pan, Yong and Li, Ting and Cheng, Jie and Telesca, Donatello and Zink, Jeffrey I. and Jiang, Juncheng},
doi = {10.1039/c6ra01298a},
issn = {20462069},
journal = {RSC Advances},
number = {31},
pages = {25766--25775},
title = {{Nano-QSAR modeling for predicting the cytotoxicity of metal oxide nanoparticles using novel descriptors}},
volume = {6},
year = {2016}
}
@article{ukeconomics,
author = {Kemp, T. J.},
journal = {Science Progress},
number = {September},
pages = {220--231},
title = {{The economic benefits of chemistry research to the UK}},
volume = {94},
year = {2011}
}
@article{TesisLaia,
author = {{Vilella Arribas}, Laia},
isbn = {9788449062636},
journal = {TDX (Tesis Doctorals en Xarxa)},
keywords = {544,Catalysis,Cat{\`{a}}lisi,Ci{\`{e}}ncies Experimentals,Mecanismes de reacci{\'{o}},Metalls de trasici{\'{o}},Reaction mechanisms,Transition metals},
title = {{Elucidating reaction mechanisms for metal-catalyzed oxidations}},
url = {http://www.tdx.cat/handle/10803/394013},
year = {2015}
}
@article{Harvey1998,
author = {Harvey, Jeremy N. and Aschi, Massimiliano and Schwarz, Helmut and Koch, Wolfram},
doi = {10.1007/s002140050309},
isbn = {1432-881X},
issn = {1432881X},
journal = {Theoretical Chemistry Accounts},
keywords = {Minimum energy crossing points,Phenyl cation},
number = {2},
pages = {95--99},
title = {{The singlet and triplet states of phenyl cation. A hybrid approach for locating minimum energy crossing points between non-interacting potential energy surfaces}},
volume = {99},
year = {1998}
}
@article{hpc2020,
author = {Joseph, Earl C and Conway, Steve and Ingle, Chris and Cattaneo, Gabriella and Martinez, Nathaniel and Meunier, Cyril},
number = {September},
title = {{A Strategic Agenda for European Leadership in Supercomputing : HPC 2020 — IDC Final Report of the HPC Study for the DG Information Society of the European Commission}},
year = {2010}
}
@phdthesis{MunozRobles2014a,
author = {{Mu{\~{n}}oz Robles}, Victor},
school = {Universitat Aut{\`{o}}noma de Barcelona},
title = {{Development and Applications of Molecular Modelling Techniques for the Design and Optimization of Artificial Metalloenzymes}},
year = {2014}
}
@techreport{enn2012,
author = {Correia, Antonio},
institution = {Phantoms Foundation},
number = {April},
title = {{European Multiscale Simulation for the Computational Era}},
year = {2012}
}
@book{Lee2017,
author = {Lee, Jooyoung and Freddolino, Peter L and Zhang, Yang},
doi = {10.1007/978-94-024-1069-3},
isbn = {978-94-024-1067-9},
keywords = {protein structure prediction},
title = {{From Protein Structure to Function with Bioinformatics}},
url = {http://link.springer.com/10.1007/978-94-024-1069-3},
year = {2017}
}
@phdthesis{Luer2015,
author = {Luehr, Nathan},
number = {February},
school = {Stanford University},
title = {{Gpu Accelerated Quantum Chemistry}},
year = {2015}
}
@techreport{Warry2006,
author = {Warry, P.},
number = {January},
pages = {9},
title = {{Increasing the Economic Impact of the Research Councils.}},
year = {2007}
}
@article{Meunier2012,
author = {Meunier, Marc},
doi = {10.1080/08927020600710900},
isbn = {0892702060},
issn = {0892-7022},
number = {November 2011},
title = {{Industrial Applications of Molecular Simulation}},
year = {2012}
}
@book{Meunier2012,
editor = {{Marc Meunier}},
isbn = {9781439861028},
publisher = {CRC Press},
title = {{Industrial Applications of Molecular Simulations}},
year = {2012}
}
@phdthesis{TesisAlmudena,
author = {{Couce R{\'{i}}os}, Almudena},
school = {Universitat Aut{\`{o}}noma de Barcelona},
title = {{MECHANISTIC INSIGHTS INTO METAL-CATALYZED HYDROAMINATION REACTIONS}}
}
@article{TesisEli,
author = {{Ortega Carrasco}, Elisabeth},
isbn = {9788449055447},
title = {{Prediction of biometallic interactions: challenges and applications}},
url = {http://hdl.handle.net/10803/308318},
year = {2015}
}
@phdthesis{TesisBea,
author = {P{\'{e}}rez, Beatriz Dom{\'{i}}nguez},
title = {{Rational Design and Synthesis of New Nucleoside Analogues Bearing a Cyclohexane Core}},
year = {2015}
}
@phdthesis{TesisManu,
author = {{Ortu{\~{n}}o Maqueda}, Manuel {\'{A}}ngel},
title = {{Scope of Computational Organometallic Chemistry}},
year = {2014}
}
@book{EnzymeDesign2015,
doi = {10.1039/9781782626831},
editor = {Tu{\~{n}}{\'{o}}n, I{\~{n}}aki and Moliner, Vicent},
isbn = {9781782626831},
publisher = {Royal Society of Chemistry},
title = {{Simulating Enzyme Reactivity RSC Theoretical and Computational Chemistry Series Series Advisory Board : Titles in the Series :}},
year = {2016}
}
@phdthesis{TesisRosa,
author = {{Miralles Llum{\`{a}}}, Rosa},
school = {Universitat Aut{\`{o}}noma de Barcelona},
title = {{Synthesis and Computational Studies of Nucleoside Analogues as Antiviral Agents}},
year = {2013}
}
@article{Goldbeck2016,
author = {Goldbeck, Gerhard and Court, Christa},
doi = {10.5281/ZENODO.44780},
isbn = {9789622096837},
keywords = {PDF available,general materials},
number = {January},
pages = {35},
title = {{The Economic Impact of Materials Modelling}},
url = {https://zenodo.org/record/44780{\%}7B{\#}{\%}7D.V2p{\%}7B{\_}{\%}7Ddfl97mE{\%}5Cnhttps://drive.google.com/open?id=0B0fTxDBXtHZMTWRja1lITFZmLVE},
year = {2016}
}
@article{Goldbeck2012,
author = {Goldbeck, Gerhard},
doi = {10.5281/zenodo.44359},
pages = {0--45},
title = {{The economic impact of molecular modelling}},
year = {2012}
}
@article{goldbeck2017,
author = {John, St and Road, Cowley and Kingdom, United},
number = {January},
pages = {1--16},
title = {{The scientific software industry : a general overview}},
year = {2017}
}
@article{tesismax,
author = {Garc{\'{i}}a, Maximiliano},
pages = {1--23},
title = {{Theoretical Study on Pd-catalyzed Cross Coupling Reactions}},
year = {2012}
}
@article{Mayo1990,
author = {Mayo, Stephen L. and Olafson, Barry D. and Goddard, William A.},
doi = {10.1021/j100389a010},
file = {:C$\backslash$:/Users/Nevero/Google Drive/UAB/phd/04/pub/thesis/bib/mayo1990.pdf:pdf},
journal = {The Journal of Physical Chemistry},
mendeley-groups = {Garleek},
month = {dec},
number = {26},
pages = {8897--8909},
title = {{DREIDING: a generic force field for molecular simulations}},
url = {http://pubs.acs.org/doi/abs/10.1021/j100389a010},
volume = {94},
year = {1990}
}
@article{OBoyle2011,
author = {O'Boyle, Noel M. and Banck, Michael and James, Craig A. and Morley, Chris and Vandermeersch, Tim and Hutchison, Geoffrey R.},
doi = {10.1186/1758-2946-3-33},
file = {:C$\backslash$:/Users/Nevero/AppData/Local/Mendeley Ltd./Mendeley Desktop/Downloaded/O'Boyle et al. - 2011 - Open Babel An open chemical toolbox.pdf:pdf},
isbn = {1758-2946},
issn = {17582946},
journal = {Journal of Cheminformatics},
mendeley-groups = {ESIgen supporting},
number = {10},
pmid = {21982300},
title = {{Open Babel: An Open chemical toolbox}},
volume = {3},
year = {2011}
}
@article{devivo2017,
author = {De Vivo Marco and Cavalli Andrea},
title = {Recent advances in dynamic docking for drug discovery},
journal = {Wiley Interdisciplinary Reviews: Computational Molecular Science},
year = {2017},
volume = {7},
number = {6},
pages = {e1320},
doi = {10.1002/wcms.1320},
url = {https://onlinelibrary.wiley.com/doi/abs/10.1002/wcms.1320},
eprint = {https://onlinelibrary.wiley.com/doi/pdf/10.1002/wcms.1320}
}