/home/jr/Documents/bibtex/GAUDI.bib